3324 5074
692 327 903 379 Manovmvs
1328 325 1369 390 69

227 497 342 580 sum.¹)
380 494 620 559 Valckenarius
644 495 847 575 enodemus,
871 493 957 579 quod
983 493 1179 574 καταλόγων
1200 496 1368 583 inscriptio
1447 571 1456 584 g

226 605 306 671 alibi
334 626 397 670 non
427 604 558 669 obviam
589 601 642 687 fit,
678 609 952 687 καταοτερισμοῖς
980 625 1037 688 pro
1066 604 1263 686 καταλόγοις
1291 608 1368 671 sori-

226 716 369 780 bendum
393 736 464 778 esse
485 714 625 780 coniecit
648 715 772 799 (opusc.
796 712 831 776 ll
854 737 885 799 p.
908 713 977 795 68);
1002 735 1097 798 quam
1119 716 1367 797 argumentandi

225 828 384 892 rationem
411 826 437 888 si
461 823 761 910 comprobaremus,
785 832 863 909 quot
885 824 1023 887 rariores
1046 821 1203 887 librorum
1225 822 1366 912 appella-

225 937 330 1004 tiones
353 933 445 1000 nobis
468 942 576 999 essent
598 933 771 999 delendae!
814 994 818 1001 ,

310 1045 616 1111 Catasterismorum
643 1043 739 1109 titulo
767 1042 917 1108 Osannus
944 1064 964 1105 a
990 1043 1211 1126 grammaticis
1238 1043 1365 1108 Merou-

224 1155 307 1220 rium
331 1153 547 1238 signifieatum
570 1174 641 1218 esse
664 1154 802 1239 putavit,
825 1161 952 1238 sumpto
974 1150 1030 1218 illo
1053 1151 1259 1239 aprincipali
1279 1154 1366 1218 ineo

224 1245 372 1351 poemate
394 1271 533 1329 tractata
553 1264 689 1327 materia
712 1265 758 1348 (p.
774 1263 821 1346 9).
865 1261 921 1326 Ad
943 1283 1041 1347 quam
1061 1264 1257 1328 sententiam
1277 1262 1366 1327 nulla

223 1374 288 1439 alia
310 1395 408 1446 eausa
430 1372 592 1437 adductus
620 1381 670 1436 est
696 1373 759 1436 nisi
789 1374 865 1459 quia
893 1372 1059 1456 signorum
1088 1370 1277 1436 caelestium
1304 1375 1366 1438 ori-

223 1486 316 1568 gines
339 1484 374 1546 in
395 1482 555 1548 Mercurio
577 1489 734 1547 tractatas
756 1482 858 1546 luisse
880 1481 946 1546 sibi
968 1490 1189 1568 persuaserat:
1214 1482 1272 1546 sed
1295 1482 1364 1548 eius

223 1593 270 1656 rei
292 1591 395 1678 (quod
417 1593 535 1656 iterum
557 1593 739 1678 iterumque
761 1590 841 1654 mihi
863 1590 1059 1655 monendum
1079 1595 1141 1674 est)
1164 1590 1289 1656 nullum
1310 1615 1364 1657 ex-

222 1711 288 1766 stat
317 1700 502 1786 vestigium.
559 1700 801 1786 Bernhardyus·
821 1711 990 1787 praeterea
1018 1700 1060 1764 ad
1089 1701 1363 1788 comprobandam

223 1833 313 1875 suam
345 1810 387 1874 de
421 1808 651 1895 Catalogorum
684 1811 779 1876 titulo
813 1811 999 1896 opinionem
1032 1809 1112 1876 haee
1145 1810 1266 1875 adfert:
1299 1811 1364 1894 „de

222 1930 370 2008 poemate
398 1943 437 1985 ea
465 1943 549 2007 quae
576 1920 750 1986 scholiasta
776 1920 912 1986 tradidit
941 1921 1088 1987 derivata
1115 1920 1231 2003 luisse,
1266 1921 1365 1986 etiam

222 2055 288 2097 vox
310 2031 430 2115 νήπιος
451 2029 492 2094 de
520 2052 599 2095 cane
627 2040 783 2118 usurpata
810 2027 1002 2114 (Ἠριγόνην
1030 2027 1101 2113 ἥτις
1129 2029 1216 2092 κύνα
1241 2029 1364 2113 νήπιον

222 2142 374 2226 ἔτρεφε),
404 2149 572 2226 praeterea
594 2137 770 2224 ἐγέραιρον
796 2137 984 2224 (Ἀθηναῖοι
1006 2136 1065 2203 τόν
1087 2161 1124 2202 τε
1140 2135 1285 2222 Ἰκάριον
1308 2140 1363 2202 καὶ

222 2248 285 2334 τήν
304 2248 486 2335 Ἠριγόνην
516 2249 703 2324 ἐνιαυσίαις
731 2247 906 2333 ἐγέραιρον
928 2249 1069 2333 τιμαῖς),
1092 2248 1363 2329 εαῒίειοᾶίοιιιιια

223 2361 268 2447 (p.
295 2361 381 2446 152).
419 2359 484 2425 Sed
508 2367 644 2444 utroque
668 2358 825 2424 vocabulo
849 2359 948 2422 etiam
970 2380 1085 2444 prosae
1105 2359 1263 2424 orationis
1285 2361 1362 2425 sori-

221 2479 331 2557 ptores
353 2469 578 2554 utebantur²):
601 2469 712 2555 itaque
733 2490 774 2532 ne
795 2467 858 2533 han
873 2468 1004 2554 quidem
1022 2490 1057 2532 re
1080 2468 1256 2555 quidquam
1279 2491 1362 2533 eom-

221 2580 389 2666 probatur.
433 2580 485 2644 Ex
517 2581 680 2647 contraria
707 2587 815 2643 autem
843 2589 936 2666 parte
963 2580 997 2644 id
1019 2579 1270 2665 haudquaquam
1292 2581 1363 2646 veri

221 2674 326 2754 simile
343 2691 484 2771 videtur,
507 2688 757 2755 Eratosthenem
772 2689 936 2774 Erigonae
958 2688 1126 2752 historiam
1141 2687 1192 2752 bis
1211 2689 1361 2753 versibus

220 2800 416 2863 narravisse.
460 2799 612 2885 Denique
634 2819 711 2863 vero
740 2798 795 2882 (aa
817 2797 922 2862 fateor
943 2796 1005 2862 hoo
1027 2797 1106 2861 mihi
1130 2798 1361 2881 gravissimum

222 2908 341 2992 videri)
357 2909 384 2971 si
400 2928 514 2994 poema
528 2908 591 2973 viri
606 2906 817 2972 illustrissimi
831 2908 998 2991 signorum
1013 2905 1203 2972 caelestium
1218 2907 1360 2993 origines

221 3038 386 3104 exponens
410 3017 600 3099 exstitisset,
624 3018 666 3080 ab
688 3017 784 3082 Arati
804 3017 1036 3102 interpretibus
1059 3017 1110 3102 (ut
1131 3015 1283 3102 Hyginus
1305 3016 1360 3083 de·

221 3127 394 3212 monstrat)
417 3127 549 3213 saepius
571 3119 776 3207 adhibitum‚'
789 3127 875 3191 unde
891 3126 1121 3214 explicandum
1137 3136 1233 3210 esset,
1256 3126 1360 3212 quod

220 3259 266 3301 ne
289 3259 403 3302 unum
427 3237 586 3323 quidem
602 3235 849 3301 versiculum
865 3236 1069 3320 habemus,
1092 3237 1148 3322 qui
1162 3235 1205 3299 ad
1220 3235 1360 3323 amplam

133 3351 136 3358 '
220 3355 318 3433 atque
332 3346 489 3431 grandem
505 3344 594 3410 illam
610 3347 779 3411 materiam
794 3345 903 3432 aliqua
919 3368 991 3411 curn
1011 3344 1244 3432 probabilitate
1258 3346 1360 3433 possit

217 3456 358 3524 referri?

305 3567 399 3648 Quae
428 3588 501 3630 oum
534 3567 580 3630 ita
611 3567 692 3648 sint,
727 3567 907 3652 repudiatis
936 3566 1059 3631 Osanni
1094 3575 1126 3629 et
1153 3565 1360 3652 Bernhardyi

219 3679 387 3742 sententiis
415 3699 490 3741 cum
516 3674 677 3760 Bergkio,
708 3676 886 3757 Bursiano,
915 3674 988 3740 aliis
1018 3675 1271 3740 existimandum
1299 3685 1359 3756 est,

220 3785 321 3849 fuisse
356 3785 476 3850 librum
510 3810 629 3873 prosa
663 3779 844 3854 oratione
877 3788 1032 3873 seriptum
1068 3795 1100 3850 ot
1134 3783 1358 3849 Eratosthenis

288 4018 313 4078 1)
334 4018 376 4067 lta
394 4022 465 4068 certe
488 4017 675 4082 explicandum
699 4023 741 4068 est
764 4017 834 4081 quod
856 4032 965 4066 carmen
988 4013 1150 4066 Hesiodenm
1174 4013 1251 4064 modo
1274 4005 1358 4066 κατοὶ-

137 4097 140 4102 ·
219 4087 298 4148 λογοι
316 4083 394 4135 modo
413 4077 570 4150 κατάλογος
589 4083 735 4151 γυναικῶν
758 4084 919 4148 appellatur.
954 4081 1161 4134 Marohsoheffel
1179 4082 1244 4133 Hes.
1264 4080 1357 4145 fragm.

219 4170 244 4218 p.
265 4155 321 4204 104.
358 4150 481 4202 Genuina
501 4154 589 4216 operis
608 4152 811 4202 Eratosthenici
829 4152 971 4216 inscriptio
990 4151 1107 4202 sortasse
1127 4149 1178 4200 fuit
1200 4141 1357 4213 κατάλογος

220 4217 459 4286 καταστερισμῶν.
529 4219 555 4283 2)
574 4210 685 4283 ἄρκτων
697 4215 788 4282 ντίιτια
800 4215 849 4269 καὶ
868 4215 960 4270 λύκων
978 4214 1064 4270 τέκνα
1083 4213 1133 4268 καὶ
1145 4210 1280 4282 πιθήκων
1292 4215 1358 4266 dicit

219 4287 291 4339 Plut.
304 4287 336 4338 de
348 4303 410 4339 sera
428 4303 499 4337 num.
514 4287 630 4368 vindqp.
648 4289 698 4366 '562
711 4287 742 4336 Β.
769 4288 810 4335 De
829 4286 930 4363 plantis
947 4284 1079 4350 Theophr.
1092 4285 1155 4336 hist.
1170 4283 1205 4349 pl.
1220 4283 1285 4334 VIII
1306 4287 1327 4346 1,
1343 4287 1357 4334 7

218 4345 293 4414 ὄντας
312 4343 348 4407 ἂν
366 4350 395 4406 οἱ
412 4354 546 4422 χειμῶνες
562 4373 601 4421 μη
621 4371 711 4422 νηκια
731 4352 996 4421 καταλαμβανωσιν.
