3324 5074
522 383 704 437 INGERTAE
728 384 832 437 SEDIS
851 385 1072 436 FRAGMENTA
1311 383 1369 444 119

225 553 354 637 gravia,
388 571 470 637 quae
498 572 540 614 ex
569 547 752 618 rationibus
782 572 855 614 cum
881 549 924 614 ad
952 572 1065 616 versus
1094 551 1368 636 significationem

225 670 293 725 tum
315 660 357 724 ad
379 681 448 724 rem
470 661 718 745 grammaticam
741 660 963 747 spectantibus
986 669 1098 727 contra
1118 661 1367 745 Bernhardyum
1440 658 1443 664 ’

224 769 363 856 proferri
391 779 545 856 possunt,
574 771 693 857 exponi
721 791 786 834 non
813 761 1031 834 necessarium
1057 781 1118 836 est.
1139 808 1181 818 -
1204 770 1367 856 Bergkius

192 953 195 958 ¹
224 879 366 966 denique
395 879 443 963 (ΙΙ
465 902 496 966 p.
522 879 576 964 18)
604 881 639 943 in
660 879 850 944 universnm
879 879 1010 966 quidem
1033 878 1227 944 Casaubono
1251 880 1367 944 adsen-

224 991 319 1055 titur:
344 997 452 1054 cetera
473 1010 552 1053 vero
575 1010 658 1076 qnae
679 990 807 1075 profert
827 988 915 1054 haud
939 989 1029 1081 satis!
1039 989 1254 1075 probabiliter
1269 1010 1367 1077 expo-

224 1099 288 1176 sita
311 1119 381 1162 esse
403 1099 483 1164 mihi
505 1099 670 1164 videntur.
705 1099 852 1164 Primum
874 1100 959 1162 enim
975 1098 1152 1183 contendit,
1174 1100 1366 1164 Eratosthe-

223 1232 298 1274 nem
322 1206 392 1294 (qni
414 1231 479 1272 non
495 1209 714 1296 composuerit
735 1207 899 1273 tralaticia
913 1219 1088 1297 praecepta
1102 1207 1145 1274 ad
1167 1211 1268 1274 vitam
1283 1209 1366 1275 bene

223 1319 384 1406 beateque
398 1317 576 1402 agendam)
595 1338 692 1382 versu
714 1315 770 1381 illo
793 1339 858 1381 non
880 1318 927 1381 ita
947 1339 1043 1382 usum
1059 1340 1129 1382 esse
1152 1326 1188 1382 ut
1202 1316 1286 1385 nihil
1299 1318 1365 1383 nisi
1467 1393 1472 1404 Ι

221 1431 328 1514 ipsam
350 1449 433 1514 quae
455 1429 488 1491 in
511 1427 620 1492 verbis
643 1427 765 1492 inesset
788 1427 982 1493 sententiam
1005 1428 1215 1518 exprimeret,
1238 1427 1364 1492 sedita

223 1548 260 1603 ut
280 1536 371 1602 aliud
394 1536 471 1622 quid
495 1535 659 1601 subtiliter
672 1544 810 1599 notaret.
848 1537 895 1612 At
909 1545 1017 1621 potest
1032 1558 1146 1600 versus
1163 1538 1363 1602 exoratione

223 1647 343 1735 petitus
372 1668 459 1726 esse,
490 1667 554 1732 qua
586 1646 657 1731 quis
692 1645 919 1710 admoneretur
952 1655 989 1710 ut
1016 1669 1051 1711 se
1083 1656 1250 1731 purgaret:
1282 1644 1363 1711 talia

222 1767 330 1822 autem
353 1755 480 1819 sivein
496 1755 677 1840 Anterinye
700 1753 770 1818 sive
791 1755 826 1816 in
842 1753 990 1838 Erigona
1013 1756 1139 1820 sivein
1162 1757 1276 1842 quavis
1299 1755 1364 1820 alia

221 1868 408 1932 narratione
435 1865 532 1928 facile
560 1863 667 1928 locum
694 1861 813 1928 habere
835 1873 996 1948 poterant.
1041 1865 1105 1930 Sed
1133 1864 1299 1950 Bergkius
1322 1865 1362 1929 de

221 1999 318 2041 sensu
334 1996 428 2062 quem
444 1971 677 2038 Eratosthenes
693 1972 728 2034 in
743 1993 839 2036 versu
858 1973 964 2037 inesse
980 1966 1120 2038 voluerit
1134 1974 1182 2038 ita
1196 1974 1360 2060 disputat:

220 2086 432 2168 „Athenaeus
449 2105 486 2146 eo
502 2080 629 2146 consilii
645 2101 776 2144 versum
792 2081 952 2160 adhibuit,
977 2093 1013 2147 ut
1028 2084 1164 2148 diceret:
1186 2081 1252 2147 noli
1267 2075 1360 2147 nobis
1414 2143 1421 2153 ,

220 2192 407 2281 petentibus
423 2190 547 2271 deesse,
564 2189 622 2254 sed
639 2190 726 2276 quod
741 2188 815 2254 aliis
830 2191 894 2255 iarn
910 2193 1101 2279 exposuisti,
1123 2193 1158 2258 id
1173 2191 1267 2258 nobis
1283 2214 1360 2278 quo·

220 2324 282 2390 que
298 2303 412 2388 iteres,
426 2301 535 2386 itaque
551 2310 802 2365 consentaneum
818 2311 879 2383 est,
892 2300 1142 2366 Eratosthenem
1157 2324 1285 2389 quoque
1300 2301 1360 2367 hoc

220 2433 316 2478 versu
338 2433 432 2480 usum
454 2432 536 2492 esse,
559 2433 632 2474 cnm
655 2420 844 2494 excusaret,
868 2411 955 2498 quod
977 2412 1028 2477 bis
1051 2421 1142 2477 terve
1164 2411 1288 2498 aliquid
1311 2433 1359 2504 re-

219 2523 377 2609 peteret.“
421 2518 461 2584 Id
484 2541 611 2606 quoque
633 2519 766 2584 concedi
787 2521 909 2608 nequit,
932 2523 1072 2609 primurn
1095 2523 1172 2608 quia
1192 2530 1359 2608 poetarum

218 2653 331 2697 versus
361 2630 395 2694 in
416 2651 543 2702 conexu
564 2630 796 2694 sententiarum
822 2653 842 2693 a
870 2630 1013 2715 genuina
1033 2651 1142 2694 eorum
1165 2630 1243 2694 sede
1263 2625 1359 2714 longe

218 2742 349 2806 diverso
372 2739 465 2804 citari
487 2749 638 2824 possunt,
668 2739 743 2802 dein
766 2739 843 2825 quia
864 2726 1034 2804 Athenaeo
1061 2738 1208 2826 quidem,
1235 2739 1358 2804 utiam

218 2851 300 2932 dixi,
316 2848 411 2912 facile
428 2847 660 2928 condonamus
684 2847 770 2934 quod
786 2847 982 2911 sententiam
997 2847 1038 2912 de
1054 2849 1246 2934 purgatione
1261 2870 1358 2932 agen-

216 2971 282 3024 tem
313 2959 348 3021 in
373 2955 471 3022 aliam
498 2963 639 3020 mentem
668 2956 826 3021 violenter
847 2958 1022 3039 contorsit,
1050 2979 1114 3022 non
1142 2960 1219 3021 item
1241 2957 1357 3023 Erato-

217 3069 341 3150 stheni,
375 3065 470 3130 docto
499 3074 531 3128 et
558 3076 673 3152 arguto
702 3075 827 3153 poetae.
878 3065 1042 3154 Bergkius
1071 3077 1107 3130 ut
1137 3067 1198 3131 hoo
1225 3077 1359 3131 excuset

216 3177 325 3258 addit,
353 3195 485 3239 versum
513 3174 552 3238 de
580 3177 671 3261 poesi
693 3184 866 3262 propterea
893 3184 969 3262 apte
992 3176 1033 3241 ab
1057 3171 1272 3241 Eratosthene
1300 3175 1356 3240 ad-

215 3287 322 3352 hiberi
345 3285 503 3371 potuisse,
532 3286 608 3370 quia
629 3282 888 3368 αἰιομάσσεσθαι
910 3285 953 3350 sit
975 3285 1072 3349 etiam
1095 3286 1277 3368 „imitando
1301 3285 1356 3350 ali·

215 3395 294 3483 quid
316 3395 472 3480 fingere.“
509 3394 562 3457 Ad
579 3393 853 3480 comprobandam
868 3393 951 3459 hanc
965 3394 1235 3480 significationem
1250 3394 1358 3460 adfert

200 3503 408 3582 ,Callimachi
435 3503 536 3589 epigr.
558 3502 600 3566 29

295 3637 454 3702 Ἡσιόδου
476 3633 549 3702 τόδ’
573 3635 769 3722 detepuerat
793 3636 810 3703 ὁ
833 3639 968 3720 τρόπος·
993 3636 1035 3703 οὐ
1057 3637 1116 3704 τὸν
1138 3637 1265 3708 ἀοιδῶν

342 3749 496 3831 ἔσχατον,
521 3746 595 3812 ἀλλ’
619 3744 725 3813 ὀκνέω
747 3745 791 3833 μὴ
813 3745 850 3812 τὰ
872 3748 1112 3833 μελιχρότατον

298 3861 367 3921 τῶν
389 3853 495 3919 ἐπέων
518 3853 535 3919 ὁ
559 3854 689 3933 Σολεὺς
710 3854 909 3940 ἀπεμάξατο.

214 3993 336 4058 Verum
363 3991 416 4054 hic
444 3999 481 4054 ut
507 3989 587 4055 alibi
613 3986 869 4072 ἀπομάσσεσθαι
890 3991 972 4057 nihil
1000 3992 1353 4076 estnisiimitar11),
1458 4029 1460 4034 ·

213 4125 278 4166 non
300 4098 497 4164 imitando
519 4099 696 4184 fingere:
724 4122 799 4164 narn
821 4102 923 4166 verba
945 4099 983 4165 τὸ
1005 4104 1131 4184 μελιχο.
1155 4104 1223 4166 τῶν
1246 4103 1354 4168 ἐπέων

214 4210 400 4296 significant
421 4207 558 4273 Hesiodi
581 4208 690 4295 Opera
713 4220 746 4272 et
766 4211 891 4294 Dies.²)
934 4210 1049 4296 Neque
1067 4210 1136 4302 ullo
1158 4214 1253 4276 modo
1276 4213 1354 4276 mihi

282 4399 307 4464 1)
326 4397 425 4450 Iacobo
444 4395 520 4451 anth.
539 4395 583 4453 Gr.
602 4401 623 4449 t.
635 4398 688 4448 VII
702 4414 727 4463 p.
742 4400 798 4449 101.
850 4398 876 4463 2)
895 4397 1008 4464 Dilthey
1026 4397 1182 4452 ds‘Gallim.
1196 4397 1261 4467 Cyd.
1274 4415 1299 4465 p.
1313 4403 1353 4450 12.
