3354 5076
676 281 886 341 nnncvmvs
980 342 987 349 K

211 452 232 540 ἡ
253 454 366 540 μέντοι
388 453 542 541 Κόριννα
564 455 620 520 διὰ
643 477 683 519 ντ
705 454 767 540 τὴν
789 458 901 519 κλίσιν
925 454 1120 538 ἐποιήσατο·

295 593 469 668 Λύόοντος
492 591 761 677 δονακοτρόφου.

295 727 455 800 Choerob.
484 729 536 790 ed.
564 725 671 819 Gaisf.
694 750 726 812 p.
750 727 791 791 75
819 724 855 790 τό
885 725 1010 790 Λάδων
1030 765 1071 774 -
1093 728 1163 790 ἔστι
1186 725 1223 789 δὲ
1245 723 1351 811 ὄνομα

211 841 427 921 ποταμοῦ-
449 833 516 901 ὑπὸ
534 835 735 921 Ἀντιμάχου
766 834 821 900 διὰ
849 840 910 900 τού
939 860 964 899 ω
988 837 1136 900 κέκλιται
1165 833 1350 918 ἀναλόγως,

210 938 284 1012 οἷον
306 948 483 1023 Λάδωνος·
514 944 675 1022 ὡσαύτως
702 948 739 1010 δὲ
768 947 823 1010 καί
851 943 918 1010 ὑπό
940 943 1201 1030 Ἐρατοσθένους
1231 946 1351 1030 ἐκλίθη

211 1056 414 1133 Λάδωνος

293 1168 520 1234 Eratosthenis
548 1168 790 1232 hemistichium
817 1189 859 1231 ex
886 1167 1049 1232 Mercurio
1082 1175 1246 1254 sumptum
1280 1189 1350 1230 esse

211 1280 312 1343 statui
334 1301 406 1342 cum
435 1279 604 1343 Liibberto
628 1277 759 1363 (Rhein.
789 1277 875 1342 Mus.
904 1277 956 1341 XI
987 1277 1066 1342 1857
1095 1300 1126 1363 p.
1152 1276 1246 1361 442),
1275 1277 1351 1361 quia

210 1409 292 1472 quae
314 1389 419 1476 prima
441 1391 598 1474 poematis
621 1398 714 1473 parte
730 1387 964 1452 Eratosthenes
988 1388 1135 1452 narravit
1155 1390 1190 1451 in
1206 1386 1351 1450 Arcadia

209 1506 361 1582 aguntur.

747 1668 814 1732 VII

294 1802 455 1867 cnara.
472 1803 508 1866 in
523 1803 647 1868 Theos.
664 1826 694 1888 p.
713 1803 774 1866 119
797 1798 920 1886 εορωη
944 1803 981 1865 a
1004 1799 1060 1865 και
1074 1787 1351 1885 acassam

209 1911 523 2000 περιττοσυλλοίβως
544 1913 679 1977 κλιθέν·
1360 1989 1362 1996 .

293 2021 398 2085 αίὸὲ
421 2021 550 2105 πέρην
575 2019 799 2107 ’Δρύαντος
827 2021 892 2086 ἐπὶ
921 2033 1122 2106 προχοαῖς
1149 2033 1352 2104 ποταμοῖο

209 2128 289 2216 παρ’
310 2129 552 2215 Ἐρατοσθένει.
579 2183 580 2190 .
672 2114 677 2120 ⁴

292 2266 324 2328 p.
340 2242 383 2306 32
405 2238 531 2328 εὑρέθη
555 2242 592 2306 δὲ
615 2239 670 2306 καὶ
693 2239 731 2306 τό
750 2240 871 2326 Ἀρύας
891 2239 1110 2324 ’Δρύαντος
1131 2245 1352 2325 περιττοσυλ-

209 2351 320 2433 λόβως
341 2353 475 2416 κλιθέν·
503 2355 573 2416 ἔστι
596 2353 633 2416 δὲ
655 2350 762 2434 ὄνομα
784 2349 948 2436 ποταμοῦ.
1058 2419 1064 2434 ,

294 2461 334 2524 αἱ
351 2459 388 2524 δὲ
410 2460 517 2546 πέρην
544 2463 650 2527 codex
677 2461 864 2528 Marcianus
886 2463 995 2547 489.¹)
1039 2458 1120 2546 ἡδὲ
1148 2460 1235 2546 ύπὲρ
1259 2463 1352 2527 Cois-

209 2570 394 2656 linianus.²)
419 2576 457 2620 ’-
481 2582 644 2654 ποταμοῖο
666 2573 768 2638 Marc.
792 2577 964 2658 ποταμίων
988 2573 1086 2638 Coisl.

294 2683 402 2766 Aryas
429 2682 548 2746 fluvius
576 2681 707 2747 aliunde
734 2706 812 2748 non
826 2695 921 2748 notus
950 2692 1028 2747 est:·
1042 2705 1147 2768 neque
1174 2682 1352 2768 quidquam

208 2791 417 2878 profecerunt
440 2790 707 2874 Schneidewmus
731 2793 903 2879 (Philol.'I
926 2816 956 2878 p.
972 2793 1048 2874 435)
1078 2793 1131 2856 cui
1156 2789 1299 2875 Ἀρύβας
1321 2801 1354 2856 et
1449 2815 1452 2821 ·

209 2900 367 2966 Stiehlius
390 2901 521 2982 (Philol.
537 2901 644 2988 suppl.
660 2903 696 2966 ΙΙ
714 2927 745 2989 p.
761 2904 836 2986 486)
862 2905 914 2967 cui
934 2899 1075 2985 Ἀρύκας
1089 2901 1263 2986 legendum
1271 2926 1353 2968 esse

208 3011 318 3074 visum
340 3020 400 3091 est,
424 3011 496 3074 curn
519 3011 681 3076 inlocum
704 3015 810 3098 ignoti
828 3013 968 3077 nominis
991 3011 1114 3077 formas
1137 3012 1223 3077 haud
1246 3016 1351 3097 magis

208 3131 302 3186 notas
325 3124 555 3207 supposuerint
571 3142 676 3206 neque
691 3123 845 3208 Arybas
869 3145 930 3186 rex
951 3130 1008 3186 aut
1030 3121 1269 3209 Arycandus
1293 3123 1378 3215 flu·

208 3253 283 3294 men
306 3241 397 3296 certa
417 3233 607 3296 mutationis
629 3243 818 3316 argumenta
834 3233 989 3318 praebere
1006 3232 1142 3318 possint.
1178 3232 1352 3297 Praeterea

209 3364 274 3427 quo
298 3341 499 3427 probabilius
522 3351 581 3426 est,
611 3342 843 3407 vocabulorum
871 3343 905 3405 in
934 3344 1007 3417 ύας
1035 3342 1221 3404 exeuntium
1249 3350 1353 3406 totam

208 3450 326 3514 seriem
359 3431 623 3518 Choerobosourn
654 3473 698 3516 ex
731 3452 920 3516 Herodiano
954 3451 1147 3536 sumpsisse,
1181 3473 1218 3519 eo
1249 3451 1353 3515 maior

208 3560 349 3626 audacia
371 3583 480 3626 eorum
503 3563 734 3644 existimanda,
761 3561 880 3649 quiin
902 3561 958 3626 illa
987 3583 1067 3626 voce
1094 3562 1352 3626 terminationem

207 3673 273 3748 ύας
295 3670 406 3736 tollere
428 3682 595 3737 conantur.
645 3673 717 3756 Ego
740 3672 819 3757 quid
841 3695 956 3737 verum
979 3673 1022 3738 sit
1044 3673 1250 3758 perspexisse
1272 3672 1353 3734 mihi

207 3781 334 3846 videor.
371 3783 440 3847 Vix
462 3784 547 3846 enim
571 3781 685 3846 dubito
709 3783 787 3867 quin
809 3782 919 3867 Aryas
941 3781 1030 3846 idem
1046 3781 1209 3845 Arcadiae
1232 3780 1351 3844 fluvius

208 3892 253 3957 sit
281 3895 337 3977 qui
369 3892 448 3956 alibi
476 3892 682 3956 Aroanius
715 3895 912 3957 nominatur.
961 3891 1074 3956 Influit
1104 3890 1133 3954 is
1161 3891 1195 3953 in
1223 3890 1353 3955 Lado-

206 4003 344 4084 nem3):
358 4013 678 4067 ,commemoraverat
699 4011 808 4066 autem
823 4003 1057 4067 Eratosthenes
1080 4000 1246 4084 regionem
1269 4023 1352 4086 quae

279 4192 303 4256 1)
322 4192 448 4242 Gaisford
467 4194 551 4258 praef.
571 4193 614 4246 Et.
631 4207 666 4244 m.
686 4207 712 4256 p,
725 4193 747 4242 ⁷.
800 4190 827 4256 2)
846 4192 978 4256 Bergkius
997 4207 1060 4243 vera
1079 4155 1216 4257 scriptura
1233 4190 1352 4240 nondum

207 4261 320 4323 cognita
337 4252 355 4326 ἡ
375 4253 404 4311 δ’
420 4251 545 4323 ‘Tolosa'
565 4260 754 4322 corrigendum
766 4275 825 4310 esse
837 4267 979 4310 censuerat
995 4259 1146 4324 (comment.
1160 4261 1221 4320 erit.
1235 4261 1262 4310 11
1276 4275 1301 4325 p.
1314 4259 1352 4328 6),

277 4328 304 4390 3)
323 4330 354 4378 Ε.
374 4329 486 4379 Curtius
504 4328 599 4392 Pelop.
616 4330 630 4378 1
648 4345 674 4392 p.
694 4329 751 4379 368.
836 4392 838 4397 .
