3324 5074
699 323 861 420 ERIGONA
1289 368 1300 428 l
1312 369 1320 428 1
1332 368 1345 428 1

206 532 325 599 Pollux
352 533 401 600 IV
434 535 493 599 116
532 533 588 597 καλ
618 533 756 615 ἐσθῆτες
781 535 845 617 μὲν
873 533 1027 619 τραγικοί
1055 537 1226 616 ποικίλον,
1258 532 1346 598 οὕτω
1375 527 1379 533 ’
1427 565 1429 568 ·

205 641 269 727 γὰρ
293 645 444 709 ἐκαλεῖτο
467 639 486 706 ὁ
508 637 620 727 χιτιόν,
643 641 683 707 τὰ
711 640 744 706 ‹l‘
769 643 977 728 ἐπιβλήματα
1000 647 1112 722 ξυστίς
1134 647 1204 708 κτλ.
1240 640 1346 726 ἄγρη-

205 753 285 818 νόν·
308 751 347 818 τό
369 750 401 817 rl'
424 743 468 836 ἦν
482 753 612 836 πλέγμα
628 751 663 829 ἐξ
676 754 782 836 ,ἐρίων
797 753 981 830 θικτυιόόες
999 755 1075 838 περὶ
1092 753 1158 818 παν
1179 749 1217 818 τὸ
1240 754 1347 835 σῶμα,

205 857 225 926 ό
245 865 419 948 Τειρεσίας
442 861 644 946 ἐπεβάλλετο
665 857 686 947 ἥ
707 885 757 938 τις
773 859 875 940 ἄλλος
896 863 1025 950 μόντις.
1036 862 1061 948 ¹)
1099 862 1347 944 Quamobrem

54 1005 84 1070 ,p
99 991 112 1036 .·
206 971 309 1036 musei
331 972 485 1038 Vaticani
506 981 615 1037 statua
638 994 680 1036 ex
702 982 794 1061 parte
820 973 935 1038 mutila
957 994 1041 1060 quae
1063 972 1197 1038 reticulo
1220 970 1276 1038 illo
1298 973 1346 1037 in-

205 1082 308 1166 signis
332 1081 427 1166 est²),
451 1092 581 1150 vatem
596 1085 836 1170 repraesentari
850 1082 1002 1166 arbitror,
1025 1105 1089 1148 non
1105 1083 1224 1148 Bacchi
1242 1102 1346 1146 sacer-

205 1189 314 1256 dotem
342 1201 374 1257 ct
401 1193 584 1257 ministrum
613 1214 697 1279 quae
723 1192 900 1258 Wieseleri
928 1195 1090 1258 sententia
1114 1194 1214 1278 esti),
1243 1213 1347 1278 neque

203 1300 269 1364 ullo
287 1299 382 1366 modo
404 1300 490 1366 idem
513 1325 627 1367 verum
649 1302 858 1390 proposuisse
878 1302 960 1366 mihi
982 1302 1121 1385 videtur,
1143 1324 1216 1366 cum
1239 1301 1347 1366 locum

203 1413 260 1496 qui
276 1421 326 1475 est
340 1411 373 1501 in
390 1411 469 1475 Eur.
485 1410 604 1476 Bacch.
620 1419 652 1477 v'.
668 1412 729 1476 451
755 1412 794 1476 ἐν
816 1407 997 1494 ἄρκυσιν
1018 1407 1082 1493 γὰρ
1104 1408 1155 1476 niv
1177 1407 1239 1476 οὐκ
1255 1412 1347 1476 ἔστιν

203 1516 308 1596 οὕτως
331 1517 421 1596 ω’κύς
443 1517 529 1586 ὥστε
550 1518 586 1604 μ’
610 1519 774 1606 ἐκφυγεῖν
795 1520 838 1586 ad
860 1517 1011 1604 όγρηνόν
1032 1521 1239 1602 rettulerit.)

187 1669 190 1680 ·
286 1630 451 1696 Dubitant
473 1631 705 1717 Bernhardyus
730 1631 776 1718 (p.
795 1632 871 1716 155)
895 1640 927 1696 et
942 1631 1107 1716 Bergkius
1131 1630 1232 1714 (anal.
1248 1628 1343 1694 Alex.

188 1739 238 1816 ¹II
259 1764 290 1826 p.
313 1742 358 1824 5),
383 1750 490 1806 utrum
514 1743 775 1807 commemoratio
796 1742 1022 1806 Eratosthenis
1045 1740 1087 1805 ad
1111 1742 1180 1805 eius
1203 1741 1347 1805 carmina

202 1871 244 1913 an
266 1850 309 1914 ad
332 1849 432 1915 libros
462 1852 502 1916 dc
529 1853 664 1939 antiqua
690 1852 858 1934 comoedia
880 1859 1019 1939 spectet:
1052 1873 1157 1936 neque
1179 1872 1240 1935 ego
1263 1851 1346 1914 hanc

202 1961 425 2046 quaestionem
454 1960 728 2028 diiudicaverint·
763 1962 799 2027 Si
825 1983 904 2028 vero
932 1959 973 2024 de
1000 1960 1198 2027 carminibus
1224 1961 1346 2044 cogita·
1439 1945 1442 1952 ¹

202 2092 289 2148 mus,
311 2069 408 2135 facile
429 2051 501 2136 sese
523 2071 618 2136 offert
639 2072 839 2151 coniectura,
869 2069 1117 2135 Eratosthenem
1146 2071 1181 2133 in
1202 2057 1346 2154 Erigone

202 2180 261 2244 ubi
283 2179 426 2244 Icarium
449 2180 583 2266 eiusque
605 2182 711 2245 socios
734 2179 899 2244 Bacchum
921 2178 1124 2246 celebrantes
1147 2178 1346 2244 describeret

201 2288 289 2352 illius
317 2288 504 2354 vestimenti
531 2289 646 2354 fecisse
677 2279 883 2354 mentionem.
927 2287 1109 2375 Didymum
1137 2292 1232 2353 etiam
1260 2310 1345 2353 oar-

202 2398 307 2462 mina
329 2397 556 2463 Eratosthenis
579 2399 763 2485 respexisse
787 2399 989 2464 demonstrat
1010 2400 1051 2464 fr.
1075 2399 1155 2463 XII.

696 2612 851 2677 XXXIV

289 2731 412 2811 Οίνός
434 2759 495 2802 τοι
518 2737 617 2822 πυρὶ
641 2732 732 2803 ἴσον
755 2725 837 2822 ipat
858 2738 995 2820 μένος,
1019 2729 1100 2801 εὖτ’
1124 2735 1172 2801 ἄν
1195 2740 1236 2812 ἐς

808 2845 963 2930 ἄνδρας

329 2956 446 3040 trep-
471 2950 665 3039 κυμαίνέι
688 2955 720 3021 θ’
744 2949 811 3021 οἷα
834 2959 1050 3041 Λίβυσσαν
1071 2953 1146 3020 ἅλα

286 3065 435 3150 βορέης
456 3063 504 3148 ἠέ
526 3065 661 3143 νότος·
691 3063 737 3131 τό
760 3065 803 3131 δέ
826 3067 893 3132 καλ
915 3067 1182 3151 κεκρυμμένα
1204 3071 1343 3150 φαίνει

328 3175 556 3256 βυσσόθεν·
583 3177 626 3241 ἐκ
649 3173 681 3239 θ’
704 3173 870 3260 ἀνδρῶν
891 3174 1007 3241 πάντ’
1031 3176 1194 3254 ἐτίναξε
1215 3177 1321 3242 νόον.

287 3309 366 3374 Ath.
390 3309 426 3375 II
441 3333 473 3396 p.
488 3310 575 3375 36Ε
601 3309 685 3375 κατὰ
707 3311 745 3376 δὲ
767 3308 827 3376 τόν
849 3315 1048 3396 Κυρηναῖον
1069 3308 1211 3396 ποιητὴν
1234 3306 1346 3386 οἶνός

203 3441 265 3484 τοι
287 3457 328 3470 -
350 3418 460 3484 νόον.

287 3527 390 3594 Clem.
414 3529 557 3615 Paedag.
581 3531 670 3614 112,
693 3530 735 3596 28
763 3531 927 3596 ἐντεῦθεν
955 3531 1011 3596 καλ
1033 3527 1054 3615 ἡ
1076 3528 1231 3615 ποιητικὴ
1253 3527 1343 3615 ὠφε-

204 3638 330 3724 λημένη
353 3638 459 3722 λέγει·
483 3634 599 3716 οἶνός
618 3636 655 3705 θ’
681 3635 731 3717 ὃς
746 3639 845 3724 πυρί
868 3645 939 3706 κτλ.
971 3643 1015 3727 (v.
1038 3641 1162 3726 infra.)-

287 3747 378 3832 Stoh.
412 3749 498 3818 Elor.
533 3749 656 3815 XVHI
684 3751 705 3815 3
739 3748 1013 3834 Ἐρατοσθένους.
1070 3747 1183 3828 οἶνός
1214 3774 1276 3817 τοι
1307 3790 1343 3798 -

203 3856 313 3928 νόον.
360 3890 364 3898 ·

288 3965 369 4032 Hes.
396 3991 428 4034 v.
455 3969 807 4055 ναρθηκοπλήρωτονε
837 3971 924 4037 διότι
951 3971 1079 4057 θερμός
1107 3971 1178 4036 ἐστι
1201 3970 1304 4055 φύσει
1327 3970 1345 4037 ὁ

271 4191 296 4252 1)
315 4181 442 4258 οἷργηνόν
460 4191 558 4243 vitiose
575 4191 706 4243 scribitur
724 4193 753 4242 in
772 4191 860 4248 cram,
880 4193 971 4249 anecd.
990 4194 1076 4244 Paris.
1095 4193 1108 4242 I
1126 4210 1151 4259 p.
1172 4196 1216 4257 19,
1234 4195 1282 4244 nbi
1299 4211 1344 4247 res

203 4259 344 4310 scaenicae
361 4265 553 4311 enumerantur
575 4257 665 4324 (locus
688 4275 720 4309 ex
740 4258 850 4310 Polluce
876 4267 1020 4326 excerptus
1038 4260 1100 4324 est).
1177 4261 1204 4326 2)
1223 4259 1345 4312 Gerhord

202 4326 296 4376 antike
314 4327 465 4377 Bildwcrko
482 4326 536 4381 tab.
554 4327 596 4389 84,
611 4330 636 4377 3.
710 4327 737 4392 3)
755 4326 892 4377 Bulletino
914 4327 975 4378 retr
998 4329 1125 4379 instituto
1148 4328 1176 4376 di
1194 4330 1345 4395 corriepon·

203 4393 288 4446 dauza
306 4393 496 4458 archeologica
516 4396 579 4445 1847
599 4411 624 4460 p.
644 4396 684 4445 20.
753 4395 780 4458 4)
798 4394 905 4446 Ztschr.
925 4395 943 4450 f,
962 4396 986 4447 d.
1005 4396 1070 4446 AW.
1092 4397 1156 4446 1845
1175 4412 1199 4461 p.
1222 4400 1276 4450 10⁷.
