3324 5074
329 388 369 450 98
816 385 979 439 ERIGONA

329 557 364 618 in
386 555 507 620 anthol.
531 554 600 619 Pal.
621 548 675 618 XI
697 554 770 634 409,
791 554 821 618 6.
830 555 854 636 ¹)
893 552 1000 617 εἰσότε
1023 549 1189 635 ἀφίκανεν
1211 552 1257 615 ita
1280 549 1403 615 dictum
1425 559 1474 612 est

328 673 364 729 ut
387 663 455 728 ἔστ’
479 663 647 748 ἀφίκανεν
669 662 779 749 Apoll.
793 664 876 748 Arg.
895 662 946 728 IV
961 662 1033 726 849.
1056 699 1097 708 --
1119 657 1225 724 καλόν
1246 659 1365 725 ἵκανεν
1387 657 1473 724 derv

328 773 517 840 Salmasius.
548 770 654 837 καλὸν
669 763 742 837 ἰκεν
758 770 792 848 ἐς
806 770 893 838 doto
908 771 1125 836 Ruhnkenius
1141 770 1183 836 ad
1199 770 1296 834 Hom.
1308 769 1341 833 h.
1354 771 1389 834 in
1399 769 1472 834 Cer.

330 885 399 948 126.
451 883 515 949 Sed
542 885 705 970 poeticum
732 881 813 947 illud
841 883 990 967 Θορικοῦ
1023 881 1098 956 ἕδος
1126 879 1209 945 falso
1236 878 1374 946 inlatum
1401 900 1473 943 esse

327 994 458 1058 minime
482 1001 532 1056 est
553 993 625 1057 veri
647 992 763 1056 simile.
772 992 800 1076 ²)
844 991 908 1075 „In
930 991 994 1054 fine
1022 991 1197 1074 fragmenti
1218 989 1367 1055 lacunam
1390 989 1473 1052 indi-

221 1097 223 1100 ’
301 1104 416 1186 ’111111
446 1102 570 1167 excidit
591 1097 677 1166 όίστν
706 1097 918 1184 τερικλειτόν
940 1100 993 1165 vel
1016 1101 1122 1165 simile
1146 1100 1241 1186 quid:
1271 1108 1359 1164 certe
1388 1095 1472 1162 όιστν

326 1213 543 1276 necessarium
566 1222 625 1276 est.
665 1213 815 1295 Θορικοῦ
837 1209 912 1286 ἕδος
933 1218 1043 1274 autem
1059 1209 1312 1296 comparandum
1334 1231 1407 1273 curn
1432 1207 1470 1272 ll.

326 1327 359 1384 A
379 1321 452 1386 406.
490 1319 553 1387 Od.
579 1344 600 1384 ν
621 1321 695 1385 344.
732 1320 852 1384 Aesch.
880 1321 972 1384 Pers.
1001 1320 1074 1385 876.
1105 1320 1212 1384 Prom.
1242 1319 1340 1382 412.“
1389 1317 1470 1382 Mei·

325 1431 453 1496 nekius.
499 1431 550 1496 Of.
575 1430 755 1496 Schneider
777 1430 819 1494 ad
835 1429 964 1494 Gallim.
979 1429 1011 1499 h.
1026 1431 1059 1511 4,
1075 1431 1148 1494 311.
1185 1427 1370 1515 Simplicior
1391 1427 1471 1491 haec

325 1541 497 1626 explicatio
529 1539 704 1605 verborum
736 1543 884 1623 Θορικοῦ
920 1539 1031 1622 trost)
1071 1561 1168 1626 quam
1198 1538 1337 1624 Bergkii
1371 1539 1469 1602 inter·

324 1653 465 1734 pretatio
497 1651 551 1734 qui
582 1651 732 1732 Θορικοῦ
764 1648 805 1711 de
832 1647 1001 1714 conditore
1034 1648 1088 1712 vel
1121 1669 1198 1733 rege
1226 1645 1386 1732 intellegit
1420 1645 1470 1731 (II

325 1782 358 1845 p.
390 1757 456 1842 12).

410 1867 508 1948 Quod
543 1889 584 1932 ex
617 1868 688 1933 loco
717 1865 948 1934 Eratosthenis
977 1868 1162 1954 Stephanus
1196 1867 1236 1930 de
1265 1867 1355 1931 vocis
1385 1863 1469 1930 όιστν

326 1977 566 2063 significatione
582 1978 750 2064 ⁵colligere
780 1987 934 2060 conatur,
962 1961 1044 2041 nihil
1064 1977 1168 2044 'valet
1212 1977 1312 2057 Nam,
1339 1985 1376 2041 ut
1397 1997 1471 2040 mea

324 2088 443 2152 faciam
465 2089 604 2172 Bergkii
626 2089 728 2154 verba
751 2089 796 2176 (p.
819 2089 882 2173 11),
905 2089 977 2152 iure
999 2111 1057 2153 suo
1082 2085 1315 2166 Eratosthenes
1337 2087 1471 2150 vocavit

324 2194 621 2262 ’111ο11ο111111στν
614 2247 625 2282 ,
655 2221 728 2263 eum
755 2208 831 2263 ante
799 2197 975 2263 Tthesei
996 2196 1161 2262 saeculum
1183 2195 1342 2260 Thoricus
1371 2195 1470 2261 luerit

325 2310 359 2372 in
361 2317 411 2371 ter
361 2309 604 2410 tduodecim
626 2309 754 2374 Atticas
778 2308 939 2372 civitates.
974 2307 1025 2372 Of.
1042 2306 1156 2371 Hecat.
1134 2307 1284 2392 tapud.
1302 2305 1469 2391 St.veph.

327 2415 480 2500 Θορικός.
489 2416 678 2498 48)1811111)ο
702 2418 808 2516 IXp.
831 2418 905 2483 397.
913 2419 939 2502 5)

411 2526 543 2589 Subiect
530 2534 598 2589 tum
630 2526 771 2592 verbi‘'
756 2550 873 2591 ικανεν
906 2526 1007 2591 fuisse
1042 2526 1175 2591 videtur
1210 2527 1397 2600 Διόνυσος,
1435 2534 1471 2589 ut

327 2657 540 2719 magnacum
563 2635 795 2721 probabilitate
818 2637 931 2701 statuit
952 2621 1181 2700 Ruhnkenius
1227 2637 1279 2700 Of.
1302 2635 1414 2718 Bergk
1437 2659 1468 2720 p.

329 2746 367 2808 12
382 2767 430 2832 sq.
468 2744 541 2809 Nisi
564 2747 610 2809 ita
625 2749 762 2829 statuas,
786 2746 904 2810 ἵκανεν
926 2745 967 2811 de
982 2745 1115 2830 navigio
1131 2768 1194 2830 quo
1210 2745 1358 2810 Bacchus
1373 2745 1469 2809 vehe-

325 2865 415 2920 retur
437 2855 561 2920 dictum
583 2856 700 2940 fuisse,
729 2866 765 2920 ut
787 2855 1002 2944 praecesserit
1024 2876 1138 2920 versus
1163 2840 1278 2918 similis
1302 2854 1469 2918 Homerici

325 2967 494 3046 παννυχίη
516 2966 578 3048 μέν
601 2961 634 3048 ῥ’
656 2963 718 3048 ἥγε
740 2963 797 3030 καί
817 2962 867 3049 rjai
897 2976 991 3050 τεῖρε
1013 2968 1190 3030 κέλευθον.
1235 2963 1340 3029 Multo
1363 2965 1470 3026 minus

325 3075 396 3140 veri
426 3072 540 3137 similis
573 3074 708 3140 Weberi
738 3075 847 3160 opinio
876 3057 928 3140 cst
960 3075 1015 3161 qui
1050 3075 1091 3140 de
1118 3076 1224 3140 Icario
1257 3095 1387 3140 versum
1420 3075 1468 3137 in·

326 3183 499 3268 tellexit.⁶)

826 3386 966 3452 XXVII

410 3519 517 3584 Schol.
555 3521 654 3584 Dion.
693 3521 771 3586 Thr.
804 3546 836 3609 p.
867 3521 930 3587 654
973 3521 1011 3586 ἑκ
1047 3511 1170 3585 τοῦτον
1214 3520 1328 3602 (verbo
1360 3515 1468 3605 αῦνω)

326 3624 429 3704 αῦνός
456 3629 512 3692 καὶ
538 3630 683 3713 βαννός,
711 3627 795 3714 όκερ
823 3635 945 3706 κοινῶς
966 3627 1028 3713 μὲν
1051 3627 1222 3754 όξῦνετοιι,Ι
1254 3628 1408 3704 Ἀττικῶς
1430 3629 1469 3693 δὲ

396 3870 421 3936 1)
440 3871 472 3920 In
491 3871 569 3920 Hom.
587 3869 614 3918 h.
627 3867 747 3918 XXVIII
764 3884 805 3919 vs.
821 3871 851 3918 14
869 3867 974 3920 codices
991 3867 1098 3920 ABGL
1119 3862 1212 3920 εἰσότε
1231 3869 1369 3933 praebent,
1388 3871 1470 3920 editio

326 3938 485 3990 Florentina
505 3929 607 3990 εἰσόκε
642 3935 682 3988 Cf.
701 3936 846 3988 Schneider
864 3936 898 3986 ad
916 3935 985 3987 cali.
1002 3936 1055 3987 h.'
1047 3953 1076 3986 111
1094 3936 1193 3987 Delum
1206 3938 1263 3986 160
1333 3937 1360 4001 1)
1380 3931 1470 3988 δῦτε

328 4005 381 4057 δον
401 4005 535 4072 Θορίκοιο
553 4003 667 4057 Nonnus
684 4005 764 4056 Dion.
784 4004 851 4055 XIII
870 4006 928 4059 187.
976 4003 1062 4067 3)(11.
1079 4004 1204 4055 Meineke
1222 4003 1323 4054 vindic
1343 4005 1468 4055 Strabon.

327 4075 428 4138 11..199
497 4071 523 4135 4)
543 4072 672 4122 Similiter
691 4078 847 4136 comparata
865 4078 930 4122 sunt
942 4088 1012 4136 quae
1026 4071 1119 4138 Steph.
1132 4088 1153 4128 s.
1165 4088 1193 4126 v
1208 4064 1336 4136 Αλιμοας
1353 4069 1469 4136 profert.

394 4139 420 4205 6)
439 4141 480 4190 De
505 4139 687 4190 aedificiorum
714 4140 834 4205 reliquiis
860 4140 942 4190 stiam
963 4155 1035 4191 nunc
1062 4140 1231 4190 exstantibus
1253 4155 1280 4190 v.
1306 4137 1397 4188 Lealre
1424 4136 1469 4186 the

327 4208 405 4257 Demi
423 4207 453 4257 ο1
466 4207 602 4272 Attioap.
621 4210 653 4258 68
667 4224 725 4274 sqq.
756 4208 825 4258 Roas
844 4206 887 4256 die
905 4208 1011 4258 Demea
1029 4222 1083 4257 von
1100 4207 1241 4270 Attikap.
1261 4209 1302 4258 72
1372 4205 1398 4267 6)
1417 4204 1470 4253 Die

326 4275 395 4338 cleg
419 4275 532 4325 Dichter
558 4274 603 4323 der
625 4270 739 4340 Hell.p
743 4278 829 4326 ..761
859 4275 934 4326 Bach
958 4273 1247 4327 tuenstuens
1270 4273 1335 4322 1837
1358 4287 1383 4336 p.
1409 4273 1467 4322 348.

327 4342 561 4406 Bernhardyusp.
581 4345 702 4394 16711011
724 4347 817 4409 patere
840 4343 1001 4404 arbitratur,
1024 4341 1056 4390 de
1073 4342 1161 4391 Icario
1179 4357 1215 4390 an
1234 4339 1354 4402 Erigone
1371 4355 1469 4391 versus

326 4411 415 4460 dictus
434 4409 528 4479 luerit:
549 4409 594 4460 sed
614 4409 647 4459 ad
665 4410 813 4474 Erigonam
830 4412 876 4461 vix
894 4426 927 4474 po
931 4411 984 4460 tuit
1003 4416 1135 4474 spectare.
