3354 5076
658 398 869 452 Maaovfflvs
1294 398 1336 463 33

193 563 357 649 ὀνόματος
384 563 585 649 οἰκειότητα·
615 568 801 649 τρίμορφος
826 563 891 648 γὰρ
919 563 940 651 ἡ
965 566 1054 643 θεός.
1068 567 1093 653 ¹)
1143 566 1206 631 Iul.
1230 588 1276 631 or.
1303 566 1336 630 V

191 698 224 760 p.
250 675 355 740 1760
377 672 434 740 καὶ
455 675 584 758 θύομέν
605 699 644 758 γε
668 676 820 762 (pisces),
845 677 948 760 ἔφην,
972 668 999 741 oi
1021 677 1181 760 pauciore,
1210 678 1247 741 ἔν
1268 692 1336 741 τισι

192 787 397 861 τελεστικαῖς
417 788 565 860 θυσίαις.
574 785 601 868 ²)
637 784 776 850 Videtur
798 794 907 850 autem
928 795 1025 873 poeta
1045 787 1080 867 in
1094 786 1238 875 piscibus
1261 807 1336 850 cnu-

191 895 357 960 merandis
389 894 518 961 erudito
547 896 687 982 quodam
720 895 959 960 delectuusus
987 918 1068 960 esse.
1112 894 1249 961 Mullum
1279 917 1337 958 cur

191 1007 493 1070 commemoraverit
515 1014 653 1093 apparet
676 1027 719 1069 ex
739 1005 903 1070 Athenaei
924 1005 994 1070 loco
1016 1005 1135 1071 altero:
1158 1009 1336 1090 ,‚sacrum“

191 1134 321 1200 quoque
346 1115 469 1201 piscem
502 1114 600 1180 valde
633 1115 808 1181 convenire
840 1114 999 1180 sacrificio
1029 1114 1239 1202 perspicuum
1271 1124 1334 1181 est:

189 1222 249 1286 iuli
279 1225 418 1310 denique
445 1225 566 1290 mentio
589 1225 626 1290 fit
647 1212 786 1290 fortasse
818 1224 943 1290 ratione
971 1225 1109 1290 Cereris·
1128 1225 1182 1292 vel
1209 1227 1337 1290 Dianae

189 1333 349 1417 habita3)
373 1373 415 1423 ··.
436 1333 510 1398 Hac
532 1357 686 1399 versuum
705 1334 922 1420 explicatione
944 1333 1159 1420 profligantur
1182 1335 1334 1421 scrupuli,

190 1443 310 1527 quibus
338 1454 505 1530 permotus
544 1445 775 1530 Bemhardyus
808 1442 985 1530 particulas
1025 1442 1238 1508 disiunctivas
1270 1467 1335 1508 non

189 1552 346 1618 ferendas
369 1564 402 1618 et
422 1551 461 1638 ἠὲ
483 1555 517 1618 in
538 1552 611 1639 ἠδὲ,
632 1564 806 1641 utrumque
827 1551 850 1638 ἦ
871 1557 905 1618 in
920 1553 977 1618 aul
997 1553 1191 1619 mutandum
1209 1555 1336 1618 censuit

190 1665 235 1747 (p.
261 1663 349 1748 138).

277 1771 353 1852 Qua
375 1795 453 1838 vero
470 1774 510 1838 de
525 1797 623 1839 causa
637 1775 872 1839 Eratosthenes
894 1776 928 1839 in
943 1774 1106 1864 Mercurio
1120 1772 1202 1838 haec
1216 1783 1333 1839 tracta-

191 1883 278 1946 verit
300 1884 372 1969 quis
396 1883 509 1947 dicat?
552 1884 694 1968 Fingere
717 1883 833 1971 aliquis
855 1885 975 1972 possit,
999 1885 1033 1946 in
1056 1885 1160 1969 prima
1182 1885 1334 1948 carminis
1412 1924 1414 1928 ν

190 2000 285 2076 parte
314 1992 456 2078 regionis
485 1994 680 2058 mentionem
708 1993 829 2058 factam
857 2016 943 2071 esse,
974 2015 1057 2079 quae
1085 2002 1200 2079 poetae
1222 2015 1334 2058 ansam
1440 2017 1444 2023 ·

190 2103 379 2186 praebuerit
399 2101 442 2165 ad
458 2113 601 2168 veterem
616 2105 780 2189 quandam
796 2103 1062 2169 consuetudinem
1083 2104 1334 2167 memorandam.
1387 2183 1389 2186 Ι

189 2209 229 2274 In
244 2212 388 2277 Aroanio
401 2213 562 2278 Arcadiae
576 2212 837 2300 septentrionalis
853 2205 965 2293 fluvio,
981 2213 1073 2276 cuius
1088 2214 1285 2277 mentionem
1299 2213 1335 2276 in

189 2319 355 2387 Mercurio
382 2322 630 2389 Eratosthenem
656 2323 799 2386 movisse
827 2344 927 2408 supra
952 2321 1174 2386 demonstrare
1199 2332 1333 2387 conatus

190 2451 263 2493 sum
278 2430 325 2518 (p.
344 2433 383 2496 15
393 2433 468 2518 sq.),
482 2433 601 2497 mirum
616 2430 779 2518 quoddam
795 2431 933 2518 piscium
948 2453 1052 2516 genus
1067 2432 1170 2497 fuisse
1184 2414 1333 2519 perhibe·

190 2539 300 2622 batur,
315 2541 356 2605 de
371 2563 434 2627 quo
449 2543 637 2606 Athenaeus
652 2540 734 2606 haec
748 2541 886 2627 profert:
912 2542 1163 2625 Φιλοστέφανος
1175 2540 1246 2616 (1ὲὸ
1261 2546 1333 2606 Kv-

192 2660 330 2733 ρηναῖος
343 2643 406 2734 μὲν
420 2652 527 2735 γένος,
550 2647 768 2736 Καλλιμάχου
784 2651 821 2717 δὲ
843 2649 1023 2736 ννοίριμος,
1047 2653 1086 2716 ἐν
1104 2655 1151 2737 τῷ
1165 2651 1243 2736 περὶ
1264 2656 1333 2717 τῶν
1413 2688 1415 2692 ν

191 2759 393 2843 παραδόξων
414 2765 575 2844 ποταμῶν
602 2760 641 2826 ἐν
664 2759 791 2847 Ἀόρνῳ
820 2757 993 2847 (Ἀροανίῳ
1017 2783 1077 2824 em.
1101 2759 1332 2846 Gasaubonus)

191 2869 275 2953 φησί
296 2872 343 2953 τῳ
365 2874 503 2956 ποταμῷ
525 2869 580 2934 (1ιὰ
609 2874 740 2935 Φενεοῦ
768 2870 879 2953 ῥέοντι
907 2871 1006 2954 ἰχθῦς
1034 2864 1119 2934 εἶναι
1141 2869 1334 2954 φθεγγομέ-

190 2999 274 3054 νους
302 2976 424 3062 ὁμοίως
451 2982 593 3062 κίχλαις·
628 2984 806 3044 καλεῖσθαι
829 2978 861 3044 d'
889 2976 1014 3055 αὐτούς
1041 2984 1208 3055 ποικιλίας
1234 2980 1333 3063 (VIII

191 3108 224 3171 p.
246 3088 307 3152 331
325 3088 379 3173 Ε).
426 3089 527 3154 Paus.
547 3089 636 3154 VIII
657 3090 709 3171 21,
734 3092 750 3153 1
775 3090 840 3154 εἰσὶ
863 3088 900 3154 δὲ
922 3091 1021 3172 ἰχθῦς
1044 3089 1083 3154 ἐν
1104 3094 1151 3174 τῷ
1170 3087 1332 3177 Ἀροανίῳ

191 3197 248 3260 καλ
268 3193 365 3261 ἄλλοι
389 3199 444 3277 καὶ
460 3199 496 3262 οἱ
514 3201 676 3276 ποικιλίαι
691 3197 909 3283 καλούμενοι·
934 3197 1075 3273 τούτους
1096 3199 1232 3281 λέγουσι
1251 3197 1332 3275 τούς

191 3309 360 3382 ποικιλίας
382 3309 596 3392 φθέγγεσθαι
617 3309 714 3392 κίχλῃ
736 3311 777 3393 τῇ
800 3305 916 3391 ὄρνιθι
939 3305 1077 3382 ἐοικός
1097 3306 1137 3370 In
1153 3308 1266 3372 eadem
1281 3330 1329 3372 re-

191 3416 287 3500 gione
302 3414 407 3498 lacum
424 3439 494 3482 esse
509 3418 655 3502 piscibus
671 3428 833 3482 carentem
849 3416 950 3481 refert
962 3415 1186 3505 Aelianusytde
1198 3427 1266 3482 nat.
1278 3441 1331 3482 an.

191 3525 243 3591 ΙΙΙ
260 3527 327 3613 38).
358 3526 453 3591 Talia
474 3527 516 3591 ab
532 3512 717 3594 Arcadibus
733 3529 833 3594 variis
848 3521 971 3592 fabulis
988 3525 1150 3613 explicata
1165 3526 1267 3592 fuisse
1283 3527 1330 3591 fa·

191 3633 253 3698 cile
276 3636 383 3722 quivis
400 3637 593 3723 suspicetur.
628 3637 906 3712 Verumfortasso
920 3659 961 3700 ne
977 3636 1039 3700 hoc
1052 3636 1183 3722 quidem
1199 3635 1330 3702 vinculo

191 3769 305 3811 versus
335 3769 408 3811 cum
441 3747 513 3833 ipsa
545 3749 732 3812 narratione
766 3746 930 3812 coniuncti
963 3754 1068 3809 erant:
1107 3767 1181 3809 nam
1217 3755 1332 3832 poetae
1376 3753 1378 3756 '

191 3854 426 3940 Alexandrini,
457 3866 496 3920 ut
522 3857 661 3943 Hauptii
689 3855 798 3921 verbis
826 3864 916 3938 utar,
951 3854 1269 3942 „comparationibus
1300 3865 1332 3919 et
1435 3896 1439 3902 »

192 3965 349 4051 exemplis
372 3987 409 4029 eo
431 3967 480 4031 uti
501 3965 706 4030 solebantt
670 3975 706 4030 ut
728 3964 910 4029 fabularum
938 3973 971 4028 et
992 3964 1198 4028 historiarum
1225 3966 1331 4028 minus
1371 3991 1374 3994 ·

113 4210 118 4215 ,
259 4153 328 4220 1)p
347 4153 438 4206 325Α
460 4153 494 4222 τῇ
513 4150 545 4206 δὲ
559 4144 676 4229 Εκοὶτῃ
687 4145 899 4204 οἷκοὸίδοται“
885 4171 902 4218 η
923 4149 1021 4216 τριγλη
1046 4145 1097 4202 drot
1120 4145 1173 4217 τήν
1198 4152 1249 4218 τῆς
1267 4146 1331 4206 ὀνο-

192 4215 475 4286 μασίαςκοινότητα·
493 4221 629 4286 τριοδῖτις
642 4237 697 4286 γαρ
710 4219 759 4272 καλ
772 4220 932 4286 τρίγληνος.
957 4219 999 4270 Cf.
1012 4219 1132 4270 Charicl.
1146 4220 1180 4270 ib
1174 4236 1229 4304 p
1234 4222 1330 4272 3251).

191 4289 316 4339 Nausicr.
334 4290 367 4338 fr
381 4289 492 4338 2Mein.
544 4291 570 4353 2)
590 4287 698 4339 Lobeck
711 4287 772 4352 Agl
786 4305 811 4352 p.
825 4291 883 4338 249.
933 4286 1012 4350 3)V.
1026 4305 1051 4352 p.
1063 4291 1146 4351 24sq.
1172 4281 1248 4352 ιερος
1260 4306 1331 4348 vanc

191 4355 258 4406 dicit
270 4356 458 4436 Callimachus,
471 4357 503 4406 fr.
517 4360 562 4417 723
582 4357 749 4421 Hermippus
763 4363 862 4418 autem,
882 4358 952 4406 teste
970 4355 1108 4406 Athenaeo
1126 4355 1179 4406 VII
1197 4371 1223 4421 p.
1238 4357 1331 4418 3270

191 4414 264 4488 ὕκην
282 4417 382 4475 enoda
400 4416 453 4490 τήν
471 4395 596 4476 foetida.

242 4513 269 4554 E
271 4519 305 4554 at
307 4515 368 4554 sthen
356 4525 401 4559 nes
1113 4509 1128 4558 3
