3324 5074
700 383 904 437 surunmrs
1215 349 1218 354 ’
1334 387 1375 450 39

316 555 346 618 2.
373 553 567 638 γάστρηναν
582 549 775 638 ὑπίτρεφον
789 553 865 618 ΚΡ.
893 551 1088 638 γάστρηναν
1102 549 1317 639 ὑπέστρεφον
1334 554 1375 620 G.
1390 609 1392 613 .

231 665 383 749 γάστρην
405 663 664 748 άνυττίστρεφον
686 664 724 729 L.
762 663 912 748 γάστρην
934 662 1199 752 άνυκόστροᾳηον
1213 664 1256 728 V.
1294 665 1376 748 γάγ-

231 797 377 859 γραιναν
399 771 597 858 ὑπίτρεφον
613 777 759 861 speciose
781 777 821 862 ej.
836 774 1024 840 Lobeckius
1039 773 1159 862 pathol.
1176 774 1257 861 prol.
1274 797 1306 862 p.
1322 777 1375 840 35.

232 885 346 970 Neque
373 892 482 950 tamen
509 886 664 949 inusitata
690 886 780 950 vocis
803 882 930 968 γάστρη
953 867 1193 970 significatione¹
1209 894 1376 972 tantopere

233 995 463 1059 offendendum
491 995 636 1076 videtur,
669 1005 706 1059 ut
734 1017 753 1058 a
788 996 950 1081 scriptura
983 994 1104 1060 tradita
1136 994 1375 1080 recedamns¹):

232 1128 309 1169 nam
331 1127 390 1190 pro
412 1104 533 1169 tradita
549 1107 711 1192 scriptura
725 1105 876 1189 γάστρην
899 1103 953 1170 ἀν’
977 1104 1163 1170 habendum
1179 1114 1239 1169 est.
1276 1106 1376 1170 Bern-

232 1214 376 1299 hardyus
399 1239 431 1302 p.
450 1215 509 1281 158
531 1215 746 1280 audacissime
768 1225 872 1280 totum
893 1216 1000 1280 locum
1022 1216 1069 1280 ita
1090 1216 1262 1282 restituere
1282 1237 1376 1280 cona·

233 1334 285 1390 tus
309 1334 374 1390 est:

788 1441 869 1510 οὐδὲ
891 1445 992 1530 δέμας
1013 1442 1168 1510 κελιόυαὶ

318 1554 508 1631 κυθεδόνες
529 1555 747 1640 καρέφηναν,
771 1554 843 1620 ἐπεὶ
865 1555 991 1640 τρέφον
1013 1552 1137 1620 οὐλοὸν
1158 1555 1263 1630 ἕλκος.

318 1691 500 1775 Bergkius,
539 1692 594 1777 qui
630 1689 726 1755 sicuti
762 1690 950 1756 Lobeckius
985 1690 1196 1774 γάγγραιναν
1233 1691 1375 1756 scriben-

234 1799 311 1862 dum
341 1810 468 1882 censet,
498 1801 709 1865 coniectando
732 1801 837 1866 locum
865 1802 1028 1868 Mercurio
1057 1801 1197 1888 poemati
1224 1800 1378 1886 adsignat

234 1920 390 1996 putatque
418 1933 491 1974 eum
522 1912 687 1997 pertinere
713 1913 754 1975 ad
784 1911 950 1996 Erigonae
978 1920 1011 1976 et
1037 1911 1135 1974 Icarii
1167 1910 1312 1975 fabulam
1339 1933 1377 1976 ac

234 2020 356 2085 dictum
380 2043 452 2085 esse
475 2022 516 2084 de
537 2020 661 2100 morbo,
685 2021 742 2107 qui
757 2022 975 2086 Athenienses
998 2030 1130 2107 propter
1152 2021 1286 2085 caedem
1308 2043 1377 2085 cor-

233 2130 380 2217 ripuerit.
403 2111 404 2115 Ἰ
423 2130 546 2194 Verum
574 2117 790 2194 haecomnia
818 2129 1008 2210 concidunt,
1037 2128 1300 2216 quandoquidem
1323 2132 1376 2193 de·

233 2248 445 2305 monstratum
469 2247 518 2302 est
539 2239 628 2303 nullo
649 2239 719 2302 iure
741 2240 886 2305 fabulam
901 2238 992 2303 illam
1014 2236 1056 2302 ad
1072 2239 1269 2304 Mercurium
1285 2259 1377 2302 revo-

234 2351 312 2414 cari.
339 2350 461 2414 Contra
474 2350 554 2412 mihi
570 2372 589 2411 a
601 2371 679 2414 vero
695 2351 843 2436 proxime
858 2349 971 2413 abesse
986 2347 1119 2412 videtur
1130 2348 1375 2434 Bernhardyus,

234 2481 427 2546 quamquam
456 2460 498 2523 de
525 2460 697 2525 verborum
720 2460 998 2524 emendatione
1025 2481 1110 2522 nunc
1137 2459 1242 2538 ipsum
1269 2459 1377 2522 virum

235 2568 457 2634 doctissimum
474 2569 570 2653 longe
590 2569 686 2635 aliter
701 2575 797 2655 atque
812 2580 909 2634 antea
924 2569 1070 2633 iudicare
1085 2568 1236 2632 arbitror.
1270 2567 1377 2632 Resti-

233 2681 335 2743 tuisse
358 2680 422 2744 sibi
447 2681 534 2743 visus
558 2689 608 2743 est
629 2681 727 2751 finem
742 2681 934 2765 pentametri
957 2689 989 2742 et
1005 2679 1242 2741 hexametrum:
1266 2679 1377 2763 itaque
1495 2723 1503 2731 -

233 2789 363 2873 putavit
384 2789 603 2873 fragmentum
626 2811 697 2853 esse
717 2790 855 2874 petitum
878 2787 1080 2871 exErigona
1102 2787 1289 2873 dictumque
1312 2786 1377 2869 „de

234 2919 367 2982 corpore
388 2898 486 2962 Icarii
508 2898 567 2962 vix
589 2899 631 2963 ab
654 2898 799 2982 Erigone
821 2899 940 2983 agnito
965 2906 1001 2960 ut
1023 2894 1110 2982 quod
1133 2894 1257 2959 dudum
1273 2895 1376 2960 disso-

234 3005 337 3071 lutum
367 3017 465 3093 atque
495 3005 661 3093 putridum
695 3011 815 3072 esset.“
864 3008 917 3071 De
945 3006 1050 3070 Ieario
1078 3003 1209 3091 quidem
1238 3005 1377 3090 cogitari

233 3117 362 3202 nequit:
385 3116 442 3180 sed
465 3118 567 3182 verba
589 3117 629 3181 de
651 3117 818 3182 interfecti
839 3117 980 3181 hominis
1003 3136 1137 3202 corpore
1159 3112 1285 3199 prolata
1305 3137 1377 3179 esse
1457 3142 1467 3164 ·

234 3228 312 3290 mihi
335 3246 463 3311 quoque
486 3227 556 3291 veri
579 3225 777 3290 simillimum
800 3227 942 3291 videtur.
979 3226 1050 3290 Iam
1072 3246 1145 3287 cum
1160 3225 1312 3288 carminis
1336 3224 1377 3289 de

234 3334 374 3400 Hesiodi
396 3344 499 3399 morte
520 3335 668 3399 notitiam
683 3335 872 3418 habeamuS,
896 3337 1003 3422 quivis
1020 3343 1134 3420 sponte
1151 3333 1192 3396 de
1206 3333 1377 3398 Hesiodi

234 3467 367 3532 corpore
390 3443 640 3509 Eratosthenem
663 3444 720 3508 illa
743 3447 913 3531 scripsisse
936 3442 1163 3530 suspicabitur.
1201 3442 1286 3507 Plut.
1309 3442 1330 3505 l.
1347 3464 1375 3506 c.

233 3556 295 3618 τοῦ
316 3554 353 3618 δὲ
371 3551 531 3618 Ἡσιόδου
553 3551 613 3618 τὸν
629 3552 753 3639 νεκρόν
769 3549 875 3630 εὐθὺς
897 3549 962 3617 άπὸ
984 3555 1044 3635 γῆς
1059 3549 1281 3633 ὑπολαβοῦσα
1297 3552 1376 3617 δεί-

236 3665 345 3744 φίνωυ
382 3660 483 3746 άγίίη
520 3662 604 3745 κρός
636 3660 673 3728 td
701 3661 789 3728 Ῥίον
822 3663 950 3745 ἐκόμιζε
982 3663 1039 3726 καί
1070 3659 1132 3744 τὴν
1163 3665 1375 3742 Μολυκρίαν.

236 3770 396 3853 ἐτύγχανε
428 3772 465 3836 δὲ
497 3777 645 3857 Λοκροῖς
676 3770 696 3856 ἡ
730 3777 797 3837 τῶν
826 3771 923 3838 Ῥίων
955 3774 1154 3836 καθεστῶσα
1186 3772 1292 3834 θυσία
1321 3770 1378 3833 καὶ

235 3879 423 3962 πανήγυρις
443 3879 488 3963 ἢν
511 3877 655 3962 άγουσιυ
678 3885 726 3946 ἔτι
748 3880 814 3947 νῦν
836 3875 995 3964 περὶτὸυ
1017 3878 1122 3943 τόπον
1145 3879 1286 3942 ἐκεῖνον.
1332 3877 1378 3954 οἱς

235 3989 272 4053 δὲ
300 3985 403 4071 ὤφθη
425 3988 706 4074 προσφερόμενον
735 3990 772 4057 τὸ
803 3996 914 4074 σῶμα,
949 3988 1187 4072 θαυμάσαντες
1217 3983 1261 4063 ὠς
1289 3988 1378 4064 εἰκὸς

235 4100 291 4165 ἐντί
313 4094 376 4181 τὴν
397 4095 504 4180 άκτηυ
532 4097 742 4184 κατέδραμον
773 4100 828 4164 καί
850 4102 1078 4183 γνωρίσαντες
1107 4099 1155 4161 ἔτι
1177 4098 1377 4182 πρόσφατον
