<?xml version="1.0" encoding="UTF-8"?>
<!DOCTYPE html PUBLIC "-//W3C//DTD XHTML 1.0 Transitional//EN"
    "http://www.w3.org/TR/xhtml1/DTD/xhtml1-transitional.dtd">
<html xmlns="http://www.w3.org/1999/xhtml" xml:lang="en" lang="en">
 <head>
  <title>
</title>
<meta http-equiv="Content-Type" content="text/html;charset=utf-8" />
  <meta name='ocr-system' content='tesseract 3.04.00' />
  <meta name='ocr-capabilities' content='ocr_page ocr_carea ocr_par ocr_line ocrx_word'/>
</head>
<body>
  <div class='ocr_page' id='page_1' title='image "./eratostheniscar00hillgoog/eratostheniscar00hillgoog_0103.png"; bbox 0 0 3324 5074; ppageno 0'>
   <div class='ocr_carea' id='block_1_1' title="bbox 308 391 983 454">
    <p class='ocr_par' dir='ltr' id='par_1_1' title="bbox 308 391 983 454">
     <span class='ocr_line' id='line_1_1' title="bbox 308 391 983 454; baseline 0.004 -17"><span class='ocrx_word' id='word_1_1' title='bbox 308 391 349 454; x_wconf 76' lang='lat' dir='ltr'><strong>gg</strong></span> <span class='ocrx_word' id='word_1_2' title='bbox 778 391 983 442; x_wconf 76' lang='lat' dir='ltr'><strong>nn&#39;rnnrurs</strong></span> 
     </span>
    </p>
   </div>
   <div class='ocr_carea' id='block_1_2' title="bbox 274 543 1455 2724">
    <p class='ocr_par' dir='ltr' id='par_1_2' title="bbox 306 543 1451 1411">
     <span class='ocr_line' id='line_1_2' title="bbox 307 543 1450 644; baseline 0 -23"><span class='ocrx_word' id='word_1_3' title='bbox 307 558 465 622; x_wconf 89' lang='lat' dir='ltr'><strong>iniecerit.</strong></span> <span class='ocrx_word' id='word_1_4' title='bbox 515 559 589 622; x_wconf 80' lang='lat' dir='ltr'><strong>Etsi</strong></span> <span class='ocrx_word' id='word_1_5' title='bbox 618 559 702 621; x_wconf 89' lang='lat' dir='ltr'><strong>enirn</strong></span> <span class='ocrx_word' id='word_1_6' title='bbox 733 557 852 621; x_wconf 91' lang='lat' dir='ltr'><strong>scimus</strong></span> <span class='ocrx_word' id='word_1_7' title='bbox 880 556 936 620; x_wconf 89' lang='lat' dir='ltr'><strong>din</strong></span> <span class='ocrx_word' id='word_1_8' title='bbox 964 567 1039 622; x_wconf 89' lang='lat' dir='ltr'><strong>ante</strong></span> <span class='ocrx_word' id='word_1_9' title='bbox 1067 543 1358 644; x_wconf 58' lang='lat' dir='ltr'><strong>Galeni&#39;tempora</strong></span> <span class='ocrx_word' id='word_1_10' title='bbox 1380 557 1450 627; x_wconf 88' lang='lat' dir='ltr'><strong>Mo·</strong></span> 
     </span>
     <span class='ocr_line' id='line_1_3' title="bbox 308 667 1450 755; baseline -0.002 -23"><span class='ocrx_word' id='word_1_11' title='bbox 308 667 457 755; x_wconf 90' lang='lat' dir='ltr'><strong>sychlum</strong></span> <span class='ocrx_word' id='word_1_12' title='bbox 485 689 555 732; x_wconf 90' lang='lat' dir='ltr'><strong>esse</strong></span> <span class='ocrx_word' id='word_1_13' title='bbox 583 668 756 750; x_wconf 85' lang='lat' dir='ltr'><strong>abolitum,</strong></span> <span class='ocrx_word' id='word_1_14' title='bbox 793 669 909 731; x_wconf 80' lang='lat' dir='ltr'>desunt</span> <span class='ocrx_word' id='word_1_15' title='bbox 943 677 1051 732; x_wconf 85' lang='lat' dir='ltr'><strong>tamen</strong></span> <span class='ocrx_word' id='word_1_16' title='bbox 1077 668 1214 749; x_wconf 77' lang='lat' dir='ltr'><strong>indIcia,</strong></span> <span class='ocrx_word' id='word_1_17' title='bbox 1248 668 1335 733; x_wconf 91' lang='lat' dir='ltr'><strong>unde</strong></span> <span class='ocrx_word' id='word_1_18' title='bbox 1363 667 1450 738; x_wconf 90' lang='lat' dir='ltr'><strong>colli-</strong></span> 
     </span>
     <span class='ocr_line' id='line_1_4' title="bbox 307 777 1451 864; baseline -0.001 -23"><span class='ocrx_word' id='word_1_19' title='bbox 307 799 384 863; x_wconf 86' lang='lat' dir='ltr'><strong>gere</strong></span> <span class='ocrx_word' id='word_1_20' title='bbox 405 778 564 864; x_wconf 89' lang='lat' dir='ltr'><strong>possimus</strong></span> <span class='ocrx_word' id='word_1_21' title='bbox 592 779 657 842; x_wconf 90' lang='lat' dir='ltr'><strong>iam</strong></span> <span class='ocrx_word' id='word_1_22' title='bbox 688 786 764 842; x_wconf 89' lang='lat' dir='ltr'><strong>ante</strong></span> <span class='ocrx_word' id='word_1_23' title='bbox 792 786 963 863; x_wconf 90' lang='lat' dir='ltr'><strong>poetarum</strong></span> <span class='ocrx_word' id='word_1_24' title='bbox 985 777 1283 842; x_wconf 82' lang='lat' dir='ltr'><strong>Alexandrinorum</strong></span> <span class='ocrx_word' id='word_1_25' title='bbox 1311 786 1451 842; x_wconf 88' lang='lat' dir='ltr'><strong>aetatem</strong></span> 
     </span>
     <span class='ocr_line' id='line_1_5' title="bbox 308 887 1451 973; baseline 0.001 -22"><span class='ocrx_word' id='word_1_26' title='bbox 308 887 343 951; x_wconf 93' lang='lat' dir='ltr'><strong>id</strong></span> <span class='ocrx_word' id='word_1_27' title='bbox 365 887 487 952; x_wconf 86' lang='lat' dir='ltr'><strong>facturn</strong></span> <span class='ocrx_word' id='word_1_28' title='bbox 511 909 593 952; x_wconf 90' lang='lat' dir='ltr'><strong>esse.</strong></span> <span class='ocrx_word' id='word_1_29' title='bbox 604 889 626 969; x_wconf 86' lang='lat'><strong>¹)</strong></span> <span class='ocrx_word' id='word_1_30' title='bbox 664 887 761 968; x_wconf 79' lang='lat' dir='ltr'><strong>Quod</strong></span> <span class='ocrx_word' id='word_1_31' title='bbox 783 909 861 952; x_wconf 87' lang='lat' dir='ltr'><strong>voro</strong></span> <span class='ocrx_word' id='word_1_32' title='bbox 885 887 1115 973; x_wconf 87' lang='lat' dir='ltr'><strong>Bernhardyus</strong></span> <span class='ocrx_word' id='word_1_33' title='bbox 1137 888 1325 970; x_wconf 81' lang='lat' dir='ltr'><strong>arbitratur,</strong></span> <span class='ocrx_word' id='word_1_34' title='bbox 1349 909 1451 952; x_wconf 85' lang='lat' dir='ltr'><strong>exeo</strong></span> 
     </span>
     <span class='ocr_line' id='line_1_6' title="bbox 309 996 1451 1085; baseline 0.002 -25"><span class='ocrx_word' id='word_1_35' title='bbox 309 998 395 1082; x_wconf 91' lang='lat' dir='ltr'><strong>quod</strong></span> <span class='ocrx_word' id='word_1_36' title='bbox 417 996 650 1063; x_wconf 77' lang='lat' dir='ltr'><strong>Eratosthenes</strong></span> <span class='ocrx_word' id='word_1_37' title='bbox 674 998 846 1062; x_wconf 79' lang='lat' dir='ltr'><strong>Graeciam</strong></span> <span class='ocrx_word' id='word_1_38' title='bbox 873 997 988 1062; x_wconf 89' lang='lat' dir='ltr'><strong>viserit</strong></span> <span class='ocrx_word' id='word_1_39' title='bbox 1015 1006 1047 1061; x_wconf 91' lang='lat' dir='ltr'><strong>et</strong></span> <span class='ocrx_word' id='word_1_40' title='bbox 1070 996 1298 1083; x_wconf 81' lang='lat' dir='ltr'><strong>Geograpbica</strong></span> <span class='ocrx_word' id='word_1_41' title='bbox 1323 1020 1451 1085; x_wconf 91' lang='lat' dir='ltr'><strong>compo-</strong></span> 
     </span>
     <span class='ocr_line' id='line_1_7' title="bbox 310 1105 1451 1193; baseline 0 -23"><span class='ocrx_word' id='word_1_42' title='bbox 310 1105 411 1170; x_wconf 84' lang='lat' dir='ltr'><strong>suerit</strong></span> <span class='ocrx_word' id='word_1_43' title='bbox 433 1105 557 1191; x_wconf 89' lang='lat' dir='ltr'><strong>aliquid</strong></span> <span class='ocrx_word' id='word_1_44' title='bbox 579 1107 620 1170; x_wconf 92' lang='lat' dir='ltr'><strong>de</strong></span> <span class='ocrx_word' id='word_1_45' title='bbox 642 1107 702 1172; x_wconf 87' lang='lat' dir='ltr'><strong>hac</strong></span> <span class='ocrx_word' id='word_1_46' title='bbox 725 1108 915 1193; x_wconf 79' lang='lat' dir='ltr'><strong>quaestione</strong></span> <span class='ocrx_word' id='word_1_47' title='bbox 934 1106 1021 1170; x_wconf 86' lang='lat' dir='ltr'><strong>effici</strong></span> <span class='ocrx_word' id='word_1_48' title='bbox 1043 1129 1148 1193; x_wconf 88' lang='lat' dir='ltr'><strong>posse,</strong></span> <span class='ocrx_word' id='word_1_49' title='bbox 1171 1127 1235 1171; x_wconf 93' lang='lat' dir='ltr'><strong>non</strong></span> <span class='ocrx_word' id='word_1_50' title='bbox 1257 1108 1336 1171; x_wconf 89' lang='lat' dir='ltr'><strong>satis</strong></span> <span class='ocrx_word' id='word_1_51' title='bbox 1358 1129 1451 1192; x_wconf 89' lang='lat' dir='ltr'><strong>repu-</strong></span> 
     </span>
     <span class='ocr_line' id='line_1_8' title="bbox 306 1214 1451 1302; baseline 0.001 -22"><span class='ocrx_word' id='word_1_52' title='bbox 306 1225 375 1280; x_wconf 90' lang='lat' dir='ltr'><strong>tare</strong></span> <span class='ocrx_word' id='word_1_53' title='bbox 397 1214 537 1298; x_wconf 80' lang='lat' dir='ltr'><strong>videtur,</strong></span> <span class='ocrx_word' id='word_1_54' title='bbox 562 1215 603 1279; x_wconf 90' lang='lat' dir='ltr'><strong>ad</strong></span> <span class='ocrx_word' id='word_1_55' title='bbox 628 1214 714 1280; x_wconf 89' lang='lat' dir='ltr'><strong>docti</strong></span> <span class='ocrx_word' id='word_1_56' title='bbox 737 1226 853 1300; x_wconf 89' lang='lat' dir='ltr'><strong>poetae</strong></span> <span class='ocrx_word' id='word_1_57' title='bbox 875 1237 1004 1279; x_wconf 90' lang='lat' dir='ltr'><strong>carmen</strong></span> <span class='ocrx_word' id='word_1_58' title='bbox 1020 1238 1124 1302; x_wconf 90' lang='lat' dir='ltr'><strong>neque</strong></span> <span class='ocrx_word' id='word_1_59' title='bbox 1147 1217 1186 1281; x_wconf 90' lang='lat' dir='ltr'><strong>ad</strong></span> <span class='ocrx_word' id='word_1_60' title='bbox 1205 1217 1451 1284; x_wconf 84' lang='lat' dir='ltr'><strong>commentarios</strong></span> 
     </span>
     <span class='ocr_line' id='line_1_9' title="bbox 308 1324 836 1411; baseline 0 -23"><span class='ocrx_word' id='word_1_61' title='bbox 308 1324 544 1411; x_wconf 87' lang='lat' dir='ltr'><strong>geographicos</strong></span> <span class='ocrx_word' id='word_1_62' title='bbox 568 1347 638 1388; x_wconf 91' lang='lat' dir='ltr'><strong>eam</strong></span> <span class='ocrx_word' id='word_1_63' title='bbox 661 1326 836 1410; x_wconf 87' lang='lat' dir='ltr'><strong>pertinere.</strong></span> 
     </span>
    </p>

    <p class='ocr_par' dir='ltr' id='par_1_3' title="bbox 274 1419 1455 2724">
     <span class='ocr_line' id='line_1_10' title="bbox 392 1419 1453 1502; baseline 0.004 -6"><span class='ocrx_word' id='word_1_64' title='bbox 392 1433 457 1497; x_wconf 87' lang='lat' dir='ltr'><strong>Ter</strong></span> <span class='ocrx_word' id='word_1_65' title='bbox 484 1436 519 1497; x_wconf 93' lang='lat' dir='ltr'><strong>in</strong></span> <span class='ocrx_word' id='word_1_66' title='bbox 546 1433 679 1498; x_wconf 83' lang='lat' dir='ltr'><strong>scholiis</strong></span> <span class='ocrx_word' id='word_1_67' title='bbox 702 1433 896 1498; x_wconf 88' lang='lat' dir='ltr'><strong>Nicandreis</strong></span> <span class='ocrx_word' id='word_1_68' title='bbox 912 1419 1032 1498; x_wconf 77' lang='lat' dir='ltr'><strong>¹versus</strong></span> <span class='ocrx_word' id='word_1_69' title='bbox 1057 1435 1282 1501; x_wconf 82' lang='lat' dir='ltr'><strong>Eratosthenis</strong></span> <span class='ocrx_word' id='word_1_70' title='bbox 1311 1438 1453 1502; x_wconf 87' lang='lat' dir='ltr'><strong>citantur</strong></span> 
     </span>
     <span class='ocr_line' id='line_1_11' title="bbox 308 1543 1453 1629; baseline 0.003 -22"><span class='ocrx_word' id='word_1_71' title='bbox 308 1551 405 1629; x_wconf 86' lang='lat' dir='ltr'><strong>atque</strong></span> <span class='ocrx_word' id='word_1_72' title='bbox 433 1543 468 1607; x_wconf 91' lang='lat' dir='ltr'><strong>id</strong></span> <span class='ocrx_word' id='word_1_73' title='bbox 496 1545 611 1607; x_wconf 89' lang='lat' dir='ltr'><strong>unius</strong></span> <span class='ocrx_word' id='word_1_74' title='bbox 640 1545 846 1628; x_wconf 83' lang='lat' dir='ltr'><strong>grammatici</strong></span> <span class='ocrx_word' id='word_1_75' title='bbox 882 1543 990 1608; x_wconf 91' lang='lat' dir='ltr'><strong>studio</strong></span> <span class='ocrx_word' id='word_1_76' title='bbox 1016 1543 1128 1609; x_wconf 89' lang='lat' dir='ltr'><strong>deberi</strong></span> <span class='ocrx_word' id='word_1_77' title='bbox 1162 1546 1232 1608; x_wconf 90' lang='lat' dir='ltr'><strong>veri</strong></span> <span class='ocrx_word' id='word_1_78' title='bbox 1261 1545 1367 1610; x_wconf 90' lang='lat' dir='ltr'><strong>simile</strong></span> <span class='ocrx_word' id='word_1_79' title='bbox 1394 1556 1453 1628; x_wconf 86' lang='lat' dir='ltr'><strong>est,</strong></span> 
     </span>
     <span class='ocr_line' id='line_1_12' title="bbox 274 1650 1452 1740; baseline 0.002 -24"><span class='ocrx_word' id='word_1_80' title='bbox 274 1650 276 1654; x_wconf 69' lang='grc'><strong>’</strong></span> <span class='ocrx_word' id='word_1_81' title='bbox 309 1654 387 1738; x_wconf 90' lang='lat' dir='ltr'><strong>quia</strong></span> <span class='ocrx_word' id='word_1_82' title='bbox 409 1652 823 1718; x_wconf 84' lang='lat' dir='ltr'><strong>carminaEratosthenica</strong></span> <span class='ocrx_word' id='word_1_83' title='bbox 850 1653 1085 1739; x_wconf 90' lang='lat' dir='ltr'><strong>posterioribus</strong></span> <span class='ocrx_word' id='word_1_84' title='bbox 1114 1655 1250 1740; x_wconf 83' lang='lat' dir='ltr'><strong>saeculis</strong></span> <span class='ocrx_word' id='word_1_85' title='bbox 1278 1678 1344 1719; x_wconf 95' lang='lat' dir='ltr'><strong>non</strong></span> <span class='ocrx_word' id='word_1_86' title='bbox 1372 1655 1452 1720; x_wconf 90' lang='lat' dir='ltr'><strong>mul-</strong></span> 
     </span>
     <span class='ocr_line' id='line_1_13' title="bbox 309 1761 1452 1847; baseline 0 -19"><span class='ocrx_word' id='word_1_87' title='bbox 309 1773 379 1828; x_wconf 89' lang='lat' dir='ltr'><strong>tum</strong></span> <span class='ocrx_word' id='word_1_88' title='bbox 401 1761 601 1846; x_wconf 88' lang='lat' dir='ltr'><strong>legebantur.</strong></span> <span class='ocrx_word' id='word_1_89' title='bbox 640 1763 786 1842; x_wconf 74' lang='lat' dir='ltr'><strong>Quorum</strong></span> <span class='ocrx_word' id='word_1_90' title='bbox 809 1763 1065 1847; x_wconf 81' lang='lat' dir='ltr'><strong>fragmentorum</strong></span> <span class='ocrx_word' id='word_1_91' title='bbox 1088 1786 1186 1827; x_wconf 90' lang='lat' dir='ltr'><strong>unum</strong></span> <span class='ocrx_word' id='word_1_92' title='bbox 1210 1763 1329 1829; x_wconf 90' lang='lat' dir='ltr'><strong>diserte</strong></span> <span class='ocrx_word' id='word_1_93' title='bbox 1351 1766 1452 1830; x_wconf 85' lang='lat' dir='ltr'><strong>refer-</strong></span> 
     </span>
     <span class='ocr_line' id='line_1_14' title="bbox 309 1870 1452 1960; baseline 0.005 -25"><span class='ocrx_word' id='word_1_94' title='bbox 309 1880 362 1936; x_wconf 90' lang='lat' dir='ltr'><strong>tur</strong></span> <span class='ocrx_word' id='word_1_95' title='bbox 384 1871 427 1934; x_wconf 89' lang='lat' dir='ltr'><strong>ad</strong></span> <span class='ocrx_word' id='word_1_96' title='bbox 455 1874 523 1935; x_wconf 91' lang='lat' dir='ltr'><strong>Ant</strong></span> <span class='ocrx_word' id='word_1_97' title='bbox 510 1873 640 1957; x_wconf 89' lang='lat' dir='ltr'><strong>terinyn</strong></span> <span class='ocrx_word' id='word_1_98' title='bbox 663 1870 827 1954; x_wconf 70' lang='lat' dir='ltr'>(XXIV):</span> <span class='ocrx_word' id='word_1_99' title='bbox 857 1871 994 1936; x_wconf 87' lang='lat' dir='ltr'><strong>alterum</strong></span> <span class='ocrx_word' id='word_1_100' title='bbox 1024 1873 1209 1938; x_wconf 87' lang='lat' dir='ltr'><strong>coniectura</strong></span> <span class='ocrx_word' id='word_1_101' title='bbox 1230 1875 1309 1938; x_wconf 89' lang='lat' dir='ltr'><strong>satis</strong></span> <span class='ocrx_word' id='word_1_102' title='bbox 1337 1876 1452 1960; x_wconf 88' lang='lat' dir='ltr'><strong>proba</strong></span> 
     </span>
     <span class='ocr_line' id='line_1_15' title="bbox 310 1980 1453 2070; baseline 0.004 -27"><span class='ocrx_word' id='word_1_103' title='bbox 310 1980 369 2045; x_wconf 91' lang='lat' dir='ltr'><strong>bili</strong></span> <span class='ocrx_word' id='word_1_104' title='bbox 398 1981 512 2045; x_wconf 86' lang='lat' dir='ltr'><strong>eodem</strong></span> <span class='ocrx_word' id='word_1_105' title='bbox 541 2002 713 2045; x_wconf 87' lang='lat' dir='ltr'><strong>revocasse</strong></span> <span class='ocrx_word' id='word_1_106' title='bbox 735 1981 815 2045; x_wconf 90' lang='lat' dir='ltr'><strong>mihi</strong></span> <span class='ocrx_word' id='word_1_107' title='bbox 838 1981 952 2045; x_wconf 89' lang='lat' dir='ltr'><strong>videor</strong></span> <span class='ocrx_word' id='word_1_108' title='bbox 980 1981 1192 2067; x_wconf 86' lang='lat' dir='ltr'>(XXIII)‚i</span> <span class='ocrx_word' id='word_1_109' title='bbox 1182 1994 1293 2070; x_wconf 77' lang='lat' dir='ltr'><strong>ltaque</strong></span> <span class='ocrx_word' id='word_1_110' title='bbox 1321 1985 1350 2047; x_wconf 92' lang='lat' dir='ltr'><strong>si</strong></span> <span class='ocrx_word' id='word_1_111' title='bbox 1380 1986 1453 2070; x_wconf 88' lang='lat' dir='ltr'><strong>quis</strong></span> 
     </span>
     <span class='ocr_line' id='line_1_16' title="bbox 311 2089 1455 2177; baseline 0.002 -23"><span class='ocrx_word' id='word_1_112' title='bbox 311 2091 504 2174; x_wconf 87' lang='lat' dir='ltr'><strong>suspicetur,</strong></span> <span class='ocrx_word' id='word_1_113' title='bbox 527 2089 588 2153; x_wconf 93' lang='lat' dir='ltr'><strong>hoc</strong></span> <span class='ocrx_word' id='word_1_114' title='bbox 611 2091 812 2175; x_wconf 88' lang='lat' dir='ltr'><strong>potissimum</strong></span> <span class='ocrx_word' id='word_1_115' title='bbox 836 2113 952 2177; x_wconf 91' lang='lat' dir='ltr'><strong>poema</strong></span> <span class='ocrx_word' id='word_1_116' title='bbox 972 2112 993 2153; x_wconf 88' lang='lat' dir='ltr'><strong>a</strong></span> <span class='ocrx_word' id='word_1_117' title='bbox 1014 2093 1227 2174; x_wconf 88' lang='lat' dir='ltr'><strong>grammatico</strong></span> <span class='ocrx_word' id='word_1_118' title='bbox 1249 2091 1306 2156; x_wconf 92' lang='lat' dir='ltr'><strong>illo</strong></span> <span class='ocrx_word' id='word_1_119' title='bbox 1328 2093 1455 2158; x_wconf 88' lang='lat' dir='ltr'><strong>adhibi</strong></span> 
     </span>
     <span class='ocr_line' id='line_1_17' title="bbox 310 2183 1454 2287; baseline 0.002 -24"><span class='ocrx_word' id='word_1_120' title='bbox 310 2209 379 2263; x_wconf 91' lang='lat' dir='ltr'><strong>tum</strong></span> <span class='ocrx_word' id='word_1_121' title='bbox 401 2207 497 2285; x_wconf 86' lang='lat' dir='ltr'><strong>atque</strong></span> <span class='ocrx_word' id='word_1_122' title='bbox 519 2200 594 2263; x_wconf 91' lang='lat' dir='ltr'><strong>huic</strong></span> <span class='ocrx_word' id='word_1_123' title='bbox 617 2222 690 2263; x_wconf 91' lang='lat' dir='ltr'><strong>eum</strong></span> <span class='ocrx_word' id='word_1_124' title='bbox 712 2223 840 2287; x_wconf 85' lang='lat' dir='ltr'><strong>quoque</strong></span> <span class='ocrx_word' id='word_1_125' title='bbox 862 2203 902 2265; x_wconf 88' lang='lat' dir='ltr'><strong>de</strong></span> <span class='ocrx_word' id='word_1_126' title='bbox 918 2224 979 2286; x_wconf 94' lang='lat' dir='ltr'><strong>quo</strong></span> <span class='ocrx_word' id='word_1_127' title='bbox 999 2223 1085 2264; x_wconf 88' lang='lat' dir='ltr'><strong>nnnc</strong></span> <span class='ocrx_word' id='word_1_128' title='bbox 1099 2202 1226 2286; x_wconf 87' lang='lat' dir='ltr'><strong>agimus</strong></span> <span class='ocrx_word' id='word_1_129' title='bbox 1241 2183 1348 2267; x_wconf 83' lang='lat' dir='ltr'><strong>locum</strong></span> <span class='ocrx_word' id='word_1_130' title='bbox 1364 2205 1454 2268; x_wconf 86' lang='lat' dir='ltr'><strong>attri-</strong></span> 
     </span>
     <span class='ocr_line' id='line_1_18' title="bbox 310 2308 1454 2399; baseline 0.003 -26"><span class='ocrx_word' id='word_1_131' title='bbox 310 2308 475 2373; x_wconf 91' lang='lat' dir='ltr'><strong>buendum</strong></span> <span class='ocrx_word' id='word_1_132' title='bbox 500 2331 586 2391; x_wconf 85' lang='lat' dir='ltr'><strong>esse,</strong></span> <span class='ocrx_word' id='word_1_133' title='bbox 614 2331 634 2372; x_wconf 89' lang='lat' dir='ltr'><strong>a</strong></span> <span class='ocrx_word' id='word_1_134' title='bbox 656 2311 795 2375; x_wconf 88' lang='lat' dir='ltr'><strong>veritate</strong></span> <span class='ocrx_word' id='word_1_135' title='bbox 765 2310 891 2375; x_wconf 88' lang='lat' dir='ltr'><strong>ttfor</strong></span> <span class='ocrx_word' id='word_1_136' title='bbox 879 2323 964 2374; x_wconf 90' lang='lat' dir='ltr'><strong>tasse</strong></span> <span class='ocrx_word' id='word_1_137' title='bbox 991 2333 1056 2374; x_wconf 92' lang='lat' dir='ltr'><strong>non</strong></span> <span class='ocrx_word' id='word_1_138' title='bbox 1084 2311 1296 2375; x_wconf 87' lang='lat' dir='ltr'><strong>aberraverit.</strong></span> <span class='ocrx_word' id='word_1_139' title='bbox 1340 2313 1454 2399; x_wconf 83' lang='lat' dir='ltr'><strong>Neque</strong></span> 
     </span>
     <span class='ocr_line' id='line_1_19' title="bbox 311 2417 1455 2503; baseline 0.003 -21"><span class='ocrx_word' id='word_1_140' title='bbox 311 2417 420 2482; x_wconf 89' lang='lat' dir='ltr'><strong>obstat</strong></span> <span class='ocrx_word' id='word_1_141' title='bbox 449 2417 624 2482; x_wconf 86' lang='lat' dir='ltr'><strong>verborum</strong></span> <span class='ocrx_word' id='word_1_142' title='bbox 656 2421 833 2484; x_wconf 87' lang='lat' dir='ltr'><strong>sententia:</strong></span> <span class='ocrx_word' id='word_1_143' title='bbox 861 2443 936 2483; x_wconf 90' lang='lat' dir='ltr'><strong>narn</strong></span> <span class='ocrx_word' id='word_1_144' title='bbox 964 2442 1037 2484; x_wconf 91' lang='lat' dir='ltr'><strong>cum</strong></span> <span class='ocrx_word' id='word_1_145' title='bbox 1065 2418 1163 2496; x_wconf 82' lang='grc' dir='ltr'><strong><em>λοξὸν</em></strong></span> <span class='ocrx_word' id='word_1_146' title='bbox 1190 2422 1328 2503; x_wconf 79' lang='grc' dir='ltr'><strong><em>βλέπειν</em></strong></span> <span class='ocrx_word' id='word_1_147' title='bbox 1357 2423 1455 2486; x_wconf 90' lang='lat' dir='ltr'><strong>male·</strong></span> 
     </span>
     <span class='ocr_line' id='line_1_20' title="bbox 311 2525 1454 2615; baseline 0.005 -26"><span class='ocrx_word' id='word_1_148' title='bbox 311 2525 460 2592; x_wconf 89' lang='lat' dir='ltr'><strong>velorum</strong></span> <span class='ocrx_word' id='word_1_149' title='bbox 493 2549 562 2590; x_wconf 89' lang='lat' dir='ltr'><strong>csse</strong></span> <span class='ocrx_word' id='word_1_150' title='bbox 595 2549 689 2592; x_wconf 89' lang='lat' dir='ltr'><strong>nemo</strong></span> <span class='ocrx_word' id='word_1_151' title='bbox 727 2530 867 2608; x_wconf 88' lang='lat' dir='ltr'><strong>nesciat,</strong></span> <span class='ocrx_word' id='word_1_152' title='bbox 905 2529 994 2593; x_wconf 90' lang='lat' dir='ltr'><strong>dicta</strong></span> <span class='ocrx_word' id='word_1_153' title='bbox 1031 2551 1102 2592; x_wconf 91' lang='lat' dir='ltr'><strong>esse</strong></span> <span class='ocrx_word' id='word_1_154' title='bbox 1139 2542 1276 2615; x_wconf 90' lang='lat' dir='ltr'><strong>possunt</strong></span> <span class='ocrx_word' id='word_1_155' title='bbox 1313 2532 1353 2596; x_wconf 89' lang='lat' dir='ltr'><strong>de</strong></span> <span class='ocrx_word' id='word_1_156' title='bbox 1386 2533 1454 2597; x_wconf 78' lang='lat' dir='ltr'><strong>Oti-</strong></span> 
     </span>
     <span class='ocr_line' id='line_1_21' title="bbox 300 2635 1454 2724; baseline 0.004 -25"><span class='ocrx_word' id='word_1_157' title='bbox 300 2657 406 2718; x_wconf 88' lang='lat' dir='ltr'><strong>meno</strong></span> <span class='ocrx_word' id='word_1_158' title='bbox 429 2635 482 2698; x_wconf 91' lang='lat' dir='ltr'><strong>vel</strong></span> <span class='ocrx_word' id='word_1_159' title='bbox 504 2635 650 2721; x_wconf 83' lang='lat' dir='ltr'><strong>Antipho</strong></span> <span class='ocrx_word' id='word_1_160' title='bbox 673 2638 755 2700; x_wconf 89' lang='lat' dir='ltr'><strong>irate</strong></span> <span class='ocrx_word' id='word_1_161' title='bbox 772 2637 953 2703; x_wconf 89' lang='lat' dir='ltr'><strong>Hesiodum</strong></span> <span class='ocrx_word' id='word_1_162' title='bbox 976 2660 1072 2724; x_wconf 85' lang='lat' dir='ltr'><strong>quem</strong></span> <span class='ocrx_word' id='word_1_163' title='bbox 1094 2640 1213 2703; x_wconf 91' lang='lat' dir='ltr'><strong>vitium</strong></span> <span class='ocrx_word' id='word_1_164' title='bbox 1236 2642 1339 2705; x_wconf 90' lang='lat' dir='ltr'><strong>sorori</strong></span> <span class='ocrx_word' id='word_1_165' title='bbox 1361 2643 1454 2706; x_wconf 93' lang='lat' dir='ltr'><strong>obtu-</strong></span> 
     </span>
    </p>
   </div>
   <div class='ocr_carea' id='block_1_3' title="bbox 311 2744 1456 2940">
    <p class='ocr_par' dir='ltr' id='par_1_4' title="bbox 311 2744 1456 2940">
     <span class='ocr_line' id='line_1_22' title="bbox 311 2744 1456 2835; baseline 0.006 -27"><span class='ocrx_word' id='word_1_166' title='bbox 311 2744 389 2810; x_wconf 86' lang='lat' dir='ltr'><strong>lisse</strong></span> <span class='ocrx_word' id='word_1_167' title='bbox 412 2754 506 2831; x_wconf 89' lang='lat' dir='ltr'><strong>putat</strong></span> <span class='ocrx_word' id='word_1_168' title='bbox 528 2746 684 2810; x_wconf 87' lang='lat' dir='ltr'><strong>intuente.</strong></span> <span class='ocrx_word' id='word_1_169' title='bbox 724 2747 788 2811; x_wconf 84' lang='lat' dir='ltr'><strong>Sed</strong></span> <span class='ocrx_word' id='word_1_170' title='bbox 810 2749 880 2832; x_wconf 93' lang='lat' dir='ltr'><strong>ipse</strong></span> <span class='ocrx_word' id='word_1_171' title='bbox 903 2769 1000 2834; x_wconf 92' lang='lat' dir='ltr'><strong>quam</strong></span> <span class='ocrx_word' id='word_1_172' title='bbox 1022 2770 1142 2835; x_wconf 89' lang='lat' dir='ltr'><strong>anceps</strong></span> <span class='ocrx_word' id='word_1_173' title='bbox 1166 2751 1246 2814; x_wconf 87' lang='lat' dir='ltr'><strong>haec</strong></span> <span class='ocrx_word' id='word_1_174' title='bbox 1269 2752 1456 2815; x_wconf 90' lang='lat' dir='ltr'><strong>coniectura</strong></span> 
     </span>
     <span class='ocr_line' id='line_1_23' title="bbox 313 2853 542 2940; baseline -0.004 -20"><span class='ocrx_word' id='word_1_175' title='bbox 313 2857 356 2920; x_wconf 86' lang='lat' dir='ltr'><strong>sit</strong></span> <span class='ocrx_word' id='word_1_176' title='bbox 377 2853 542 2940; x_wconf 89' lang='lat' dir='ltr'><strong>intellego.</strong></span> 
     </span>
    </p>
   </div>
   <div class='ocr_carea' id='block_1_4' title="bbox 822 3026 946 3090">
    <p class='ocr_par' dir='ltr' id='par_1_5' title="bbox 822 3026 946 3090">
     <span class='ocr_line' id='line_1_24' title="bbox 822 3026 946 3090; baseline 0.008 -1"><span class='ocrx_word' id='word_1_177' title='bbox 822 3026 946 3090; x_wconf 89' lang='lat' dir='ltr'>XXIII</span> 
     </span>
    </p>
   </div>
   <div class='ocr_carea' id='block_1_5' title="bbox 312 3132 1455 3457">
    <p class='ocr_par' dir='ltr' id='par_1_6' title="bbox 312 3132 1455 3457">
     <span class='ocr_line' id='line_1_25' title="bbox 397 3132 1455 3241; baseline 0.008 -29"><span class='ocrx_word' id='word_1_178' title='bbox 397 3147 503 3212; x_wconf 86' lang='lat' dir='ltr'><strong>Schol.</strong></span> <span class='ocrx_word' id='word_1_179' title='bbox 526 3149 596 3215; x_wconf 90' lang='lat' dir='ltr'><strong>Nic.</strong></span> <span class='ocrx_word' id='word_1_180' title='bbox 621 3150 718 3215; x_wconf 83' lang='lat' dir='ltr'><strong>Ther.</strong></span> <span class='ocrx_word' id='word_1_181' title='bbox 742 3152 805 3215; x_wconf 86' lang='grc'><strong>465</strong></span> <span class='ocrx_word' id='word_1_182' title='bbox 826 3153 949 3234; x_wconf 82' lang='grc' dir='ltr'><strong><em>ταχέως</em></strong></span> <span class='ocrx_word' id='word_1_183' title='bbox 971 3153 1008 3217; x_wconf 75' lang='grc' dir='ltr'><strong>δέ</strong></span> <span class='ocrx_word' id='word_1_184' title='bbox 1031 3157 1106 3238; x_wconf 80' lang='grc' dir='ltr'><strong><em>περὶ</em></strong></span> <span class='ocrx_word' id='word_1_185' title='bbox 1130 3154 1192 3239; x_wconf 78' lang='grc' dir='ltr'><strong>τὴν</strong></span> <span class='ocrx_word' id='word_1_186' title='bbox 1219 3132 1329 3238; x_wconf 77' lang='grc' dir='ltr'><strong><em>σάρκα</em></strong></span> <span class='ocrx_word' id='word_1_187' title='bbox 1352 3174 1455 3241; x_wconf 83' lang='grc' dir='ltr'><em>σηπε-</em></span> 
     </span>
     <span class='ocr_line' id='line_1_26' title="bbox 312 3255 1455 3349; baseline 0.009 -27"><span class='ocrx_word' id='word_1_188' title='bbox 312 3257 414 3333; x_wconf 79' lang='grc' dir='ltr'><strong><em>δόνας</em></strong></span> <span class='ocrx_word' id='word_1_189' title='bbox 437 3258 573 3342; x_wconf 80' lang='grc' dir='ltr'><strong><em>ἐποίησε</em></strong></span> <span class='ocrx_word' id='word_1_190' title='bbox 595 3259 776 3336; x_wconf 81' lang='grc' dir='ltr'><strong><em>δυσιατονς</em></strong></span> <span class='ocrx_word' id='word_1_191' title='bbox 799 3261 987 3346; x_wconf 86' lang='lat' dir='ltr'><strong>(cenchris).</strong></span> <span class='ocrx_word' id='word_1_192' title='bbox 1025 3255 1124 3328; x_wconf 83' lang='grc' dir='ltr'><strong><em>αὗται</em></strong></span> <span class='ocrx_word' id='word_1_193' title='bbox 1146 3265 1212 3349; x_wconf 80' lang='grc' dir='ltr'><strong>γάρ</strong></span> <span class='ocrx_word' id='word_1_194' title='bbox 1229 3268 1315 3331; x_wconf 80' lang='grc' dir='ltr'><strong><em>εἰσιν</em></strong></span> <span class='ocrx_word' id='word_1_195' title='bbox 1330 3268 1369 3330; x_wconf 76' lang='grc' dir='ltr'><strong>αι’</strong></span> <span class='ocrx_word' id='word_1_196' title='bbox 1387 3289 1455 3332; x_wconf 79' lang='grc' dir='ltr'><strong>πν-</strong></span> 
     </span>
     <span class='ocr_line' id='line_1_27' title="bbox 312 3365 803 3457; baseline 0.006 -26"><span class='ocrx_word' id='word_1_197' title='bbox 312 3368 465 3443; x_wconf 63' lang='lat' dir='ltr'><strong>escoves·</strong></span> <span class='ocrx_word' id='word_1_198' title='bbox 492 3365 636 3452; x_wconf 82' lang='grc' dir='ltr'><strong><em>Ὅμηρος</em></strong></span> <span class='ocrx_word' id='word_1_199' title='bbox 658 3377 706 3455; x_wconf 64' lang='grc' dir='ltr'><strong>(Δ</strong></span> <span class='ocrx_word' id='word_1_200' title='bbox 730 3372 803 3457; x_wconf 80' lang='grc'><strong>174)</strong></span> 
     </span>
    </p>
   </div>
   <div class='ocr_carea' id='block_1_6' title="bbox 313 3505 1454 3954">
    <p class='ocr_par' dir='ltr' id='par_1_7' title="bbox 313 3505 1454 3954">
     <span class='ocr_line' id='line_1_28' title="bbox 740 3505 1258 3594; baseline 0.002 -23"><span class='ocrx_word' id='word_1_201' title='bbox 740 3506 795 3571; x_wconf 88' lang='grc' dir='ltr'><strong>σέο</strong></span> <span class='ocrx_word' id='word_1_202' title='bbox 819 3505 850 3570; x_wconf 85' lang='lat' dir='ltr'><strong>d&#39;</strong></span> <span class='ocrx_word' id='word_1_203' title='bbox 875 3505 972 3573; x_wconf 80' lang='grc' dir='ltr'><strong><em>ὀστέα</em></strong></span> <span class='ocrx_word' id='word_1_204' title='bbox 995 3510 1095 3574; x_wconf 76' lang='grc' dir='ltr'><em>πύσει</em></span> <span class='ocrx_word' id='word_1_205' title='bbox 1118 3507 1258 3594; x_wconf 77' lang='grc' dir='ltr'><strong><em>ἄρουρα,</em></strong></span> 
     </span>
     <span class='ocr_line' id='line_1_29' title="bbox 313 3627 630 3713; baseline -0.006 -20"><span class='ocrx_word' id='word_1_206' title='bbox 313 3628 369 3693; x_wconf 83' lang='grc' dir='ltr'><strong>καὶ</strong></span> <span class='ocrx_word' id='word_1_207' title='bbox 388 3627 630 3713; x_wconf 73' lang='grc' dir='ltr'><strong><em>Ἐρατοσθένης</em></strong></span> 
     </span>
     <span class='ocr_line' id='line_1_30' title="bbox 921 3761 1239 3825; baseline 0.006 -2"><span class='ocrx_word' id='word_1_208' title='bbox 921 3761 964 3823; x_wconf 76' lang='grc' dir='ltr'><strong>αἱ</strong></span> <span class='ocrx_word' id='word_1_209' title='bbox 983 3761 1026 3824; x_wconf 78' lang='grc' dir='ltr'><strong>δὲ</strong></span> <span class='ocrx_word' id='word_1_210' title='bbox 1049 3762 1239 3825; x_wconf 78' lang='grc' dir='ltr'><strong><em>πελιδνοὶ</em></strong></span> 
     </span>
     <span class='ocr_line' id='line_1_31' title="bbox 356 3866 1454 3954; baseline 0.006 -24"><span class='ocrx_word' id='word_1_211' title='bbox 356 3866 590 3942; x_wconf 76' lang='grc' dir='ltr'><strong><em>πνθεδόνες</em></strong></span> <span class='ocrx_word' id='word_1_212' title='bbox 610 3867 790 3951; x_wconf 74' lang='grc' dir='ltr'><strong><em>γάστρην</em></strong></span> <span class='ocrx_word' id='word_1_213' title='bbox 812 3866 873 3933; x_wconf 74' lang='grc' dir='ltr'><strong>ἄν’</strong></span> <span class='ocrx_word' id='word_1_214' title='bbox 897 3867 1134 3954; x_wconf 79' lang='grc' dir='ltr'><strong><em>ὑπένρεφον</em></strong></span> <span class='ocrx_word' id='word_1_215' title='bbox 1156 3869 1454 3949; x_wconf 58' lang='lat' dir='ltr'><strong>octodorum.</strong></span> 
     </span>
    </p>
   </div>
   <div class='ocr_carea' id='block_1_7' title="bbox 397 4001 1454 4073">
    <p class='ocr_par' dir='ltr' id='par_1_8' title="bbox 397 4001 1454 4073">
     <span class='ocr_line' id='line_1_32' title="bbox 397 4001 1454 4073; baseline 0.005 -7"><span class='ocrx_word' id='word_1_216' title='bbox 397 4008 493 4066; x_wconf 80' lang='lat' dir='ltr'><strong>vsl.</strong></span> <span class='ocrx_word' id='word_1_217' title='bbox 528 4026 562 4066; x_wconf 84' lang='grc' dir='ltr'><strong>αι</strong></span> <span class='ocrx_word' id='word_1_218' title='bbox 556 4001 622 4067; x_wconf 79' lang='lat' dir='ltr'><strong>‘ds</strong></span> <span class='ocrx_word' id='word_1_219' title='bbox 643 4003 860 4069; x_wconf 74' lang='lat' dir='ltr'><strong>nrisdvut&#39;G</strong></span> <span class='ocrx_word' id='word_1_220' title='bbox 895 4002 1262 4071; x_wconf 62' lang='lat' dir='ltr'><strong>obermunster).</strong></span> <span class='ocrx_word' id='word_1_221' title='bbox 1297 4006 1454 4073; x_wconf 73' lang='lat' dir='ltr'><strong>codese-</strong></span> 
     </span>
    </p>
   </div>
   <div class='ocr_carea' id='block_1_8' title="bbox 314 4111 1454 4307">
    <p class='ocr_par' dir='ltr' id='par_1_9' title="bbox 314 4111 1454 4307">
     <span class='ocr_line' id='line_1_33' title="bbox 314 4111 1454 4204; baseline 0.006 -31"><span class='ocrx_word' id='word_1_222' title='bbox 314 4111 577 4176; x_wconf 71' lang='grc' dir='ltr'><strong><em>λιδναίΚν.α</em></strong></span> <span class='ocrx_word' id='word_1_223' title='bbox 580 4111 772 4177; x_wconf 78' lang='grc' dir='ltr'><strong><em>έπελιδναί</em></strong></span> <span class='ocrx_word' id='word_1_224' title='bbox 791 4114 931 4178; x_wconf 86' lang='lat' dir='ltr'><strong>Bachins</strong></span> <span class='ocrx_word' id='word_1_225' title='bbox 953 4117 995 4179; x_wconf 87' lang='lat' dir='ltr'><strong>Zt</strong></span> <span class='ocrx_word' id='word_1_226' title='bbox 998 4117 1080 4181; x_wconf 86' lang='lat' dir='ltr'><strong>sehr.</strong></span> <span class='ocrx_word' id='word_1_227' title='bbox 1104 4117 1126 4184; x_wconf 93' lang='grc'><strong>1.</strong></span> <span class='ocrx_word' id='word_1_228' title='bbox 1151 4116 1184 4181; x_wconf 88' lang='lat' dir='ltr'><strong>d.</strong></span> <span class='ocrx_word' id='word_1_229' title='bbox 1206 4118 1293 4182; x_wconf 88' lang='lat' dir='ltr'><strong>AW.</strong></span> <span class='ocrx_word' id='word_1_230' title='bbox 1320 4118 1399 4182; x_wconf 80' lang='lat'>1837</span> <span class='ocrx_word' id='word_1_231' title='bbox 1424 4142 1454 4204; x_wconf 93' lang='lat' dir='ltr'><strong>p.</strong></span> 
     </span>
     <span class='ocr_line' id='line_1_34' title="bbox 314 4219 748 4307; baseline 0.014 -25.014"><span class='ocrx_word' id='word_1_232' title='bbox 314 4219 385 4283; x_wconf 86' lang='lat'><strong>349.</strong></span> <span class='ocrx_word' id='word_1_233' title='bbox 409 4221 451 4283; x_wconf 88' lang='lat' dir='ltr'><strong>cf.</strong></span> <span class='ocrx_word' id='word_1_234' title='bbox 474 4220 584 4304; x_wconf 88' lang='lat' dir='ltr'><strong>Bergk</strong></span> <span class='ocrx_word' id='word_1_235' title='bbox 607 4220 698 4307; x_wconf 91' lang='lat' dir='ltr'><strong>IIp.</strong></span> <span class='ocrx_word' id='word_1_236' title='bbox 720 4224 748 4288; x_wconf 89' lang='grc'><strong>6.</strong></span> 
     </span>
    </p>
   </div>
   <div class='ocr_carea' id='block_1_9' title="bbox 384 4407 778 4476">
    <p class='ocr_par' dir='ltr' id='par_1_10' title="bbox 384 4407 778 4476">
     <span class='ocr_line' id='line_1_35' title="bbox 384 4407 778 4476; baseline 0.024 -21.332"><span class='ocrx_word' id='word_1_237' title='bbox 384 4407 408 4472; x_wconf 91' lang='lat'><strong>1)</strong></span> <span class='ocrx_word' id='word_1_238' title='bbox 428 4407 521 4460; x_wconf 82' lang='lat' dir='ltr'><strong>Rhode</strong></span> <span class='ocrx_word' id='word_1_239' title='bbox 539 4422 583 4458; x_wconf 90' lang='lat' dir='ltr'><strong>res</strong></span> <span class='ocrx_word' id='word_1_240' title='bbox 600 4409 690 4460; x_wconf 88' lang='lat' dir='ltr'><strong>Lemn.</strong></span> <span class='ocrx_word' id='word_1_241' title='bbox 708 4428 733 4476; x_wconf 84' lang='lat' dir='ltr'><strong>p.</strong></span> <span class='ocrx_word' id='word_1_242' title='bbox 753 4413 778 4465; x_wconf 90' lang='lat'><strong>8.</strong></span> 
     </span>
    </p>
   </div>
   <div class='ocr_carea' id='block_1_10' title="bbox 0 0 1676 5074">
    <p class='ocr_par' dir='ltr' id='par_1_11' title="bbox 0 0 1676 5074">
     <span class='ocr_line' id='line_1_36' title="bbox 0 0 1676 5074; baseline 0 0"><span class='ocrx_word' id='word_1_243' title='bbox 0 0 1676 5074; x_wconf 95' lang='lat' dir='ltr'><strong> </strong></span> 
     </span>
    </p>
   </div>
  </div>
 </body>
</html>
