3354 5076
702 371 913 426 nnacvfflvs
1035 450 1036 454 Ἰ
1193 454 1198 462 ¹
1337 371 1375 436 11

238 539 294 605 illa
316 529 491 622 fragmenti
513 541 531 605 Ι
554 540 610 605 καὶ
633 541 674 625 δή
697 562 777 608 ποτε
799 544 857 626 τῆς
878 538 1002 627 μητρός
1022 538 1105 626 μεταλ
1127 543 1196 606 τών
1218 501 1378 625 ὀδελφών

235 649 338 736 αὐτῆς
366 656 551 740 λουομένης
578 652 695 719 λαθών
723 650 882 737 ὑφείλετο
907 647 966 729 τὰς
994 655 1154 737 ἐσθῆτας,
1188 651 1314 736 γυμναὶ
1340 653 1377 716 δὲ
1428 730 1432 742 ι

211 762 213 765 ’
239 766 364 830 ἐκεῖναι
387 757 488 830 οόσαι
509 762 664 850 ἠπόρουν
685 768 720 830 τί
739 752 922 848 πράξωσιν.
967 766 1094 847 γέλωτα
1116 762 1152 853 δὲ
1175 759 1231 826 dud
1254 761 1377 827 τούτου

231 873 350 958 Ἑρμῆς
371 874 513 958 ποιήσας
541 873 753 940 ἀπέδωκεν
775 872 919 951 αὐταῖς
946 871 1014 950 τὰς
1037 872 1229 957 ἐσθῆτας.
1273 871 1383 965 Vides

237 988 263 1051 si
284 985 364 1078 haec
387 987 561 1051 statuimus
584 987 692 1051 omnia
713 986 798 1052 bene
821 984 990 1072 quadrare.
1035 981 1207 1067 ὀνόμηναν
1226 983 1376 1068 ¹referen-

236 1097 311 1160 dum
335 1106 384 1160 est
405 1097 448 1160 ad
470 1095 592 1161 Maiam
614 1098 748 1184 eiusque
770 1118 914 1177 sorores,
943 1116 1047 1182 neque
1071 1117 1186 1160 verum
1214 1103 1264 1160 est
1290 1094 1378 1180 quod

235 1205 469 1292 Bemhardyus
498 1206 630 1292 scripsit
656 1230 753 1289 „curn
778 1216 889 1272 ‘autem
921 1207 987 1280 nisi
1016 1207 1056 1271 de
1084 1207 1242 1270 Mercurio
1269 1206 1376 1270 furato
1474 1221 1475 1224 ’

234 1317 299 1382 ista
321 1316 387 1381 dici
402 1318 583 1402 nequirent·
601 1314 768 1401 ὀνόμηνεν
782 1317 954 1402 legendum
969 1318 1042 1380 est“
1065 1317 1108 1401 (p.
1128 1315 1213 1399 137).
1250 1314 1376 1380 Vocem

234 1451 292 1511 μιν
318 1427 441 1492 referre
462 1426 539 1494 licet
561 1427 603 1493 ad
627 1429 782 1492 vestitum
811 1427 968 1517 (ἐσθῆτα)
992 1437 1029 1492 ut
1050 1425 1182 1510 φώριον
1204 1422 1312 1508 ἄγρην
1334 1427 1378 1491 sit

235 1538 407 1626 appositio.
458 1537 523 1603 Sed
551 1547 658 1624 potest
686 1539 784 1603 etiam
812 1539 968 1628 cogitari,
1001 1559 1075 1601 cum
1108 1535 1248 1601 κεύθειν
1274 1535 1376 1602 verbo

234 1649 443 1714 coniunctum
470 1672 542 1714 esse
575 1658 702 1735 praeter
733 1649 958 1713 accusativum
990 1646 1123 1732 φώριον
1156 1643 1263 1732 ὀγρην
1298 1648 1376 1732 (quo

234 1761 429 1824 vestimenta
444 1760 683 1844 significantur)
698 1760 919 1824 accusativum
942 1781 1138 1846 personae
1159 1780 1254 1845 quem
1270 1757 1377 1823 eidem

235 1868 336 1934 verbo
373 1869 522 1934 additum
554 1871 737 1935 invenimus
772 1873 806 1934 in
834 1871 898 1936 Od.
928 1894 949 1954 η
978 1871 1049 1954 187.
1078 1869 1186 1956 Apoll.
1215 1871 1296 1954 Arg.
1326 1868 1375 1934 IV.

237 1980 318 2045 1105
349 1975 446 2062 (οὐδέ
474 1995 513 2044 σε
546 1981 718 2066 κεύσω).1)
774 1981 907 2067 Spectat
938 1990 1061 2064 autem,
1095 1981 1124 2044 si
1155 1979 1239 2044 hanc
1271 1979 1374 2066 expli-

234 2091 394 2155 cationem
416 2088 473 2177 pro
497 2114 576 2156 vera
598 2092 770 2173 habemus,
798 2092 1007 2156 accusativus
1035 2113 1094 2173 μιν
1120 2091 1163 2154 ad
1191 2089 1375 2156 subiectum

234 2199 328 2265 verbi
356 2197 542 2284 ὀνόμηναν,
573 2201 690 2288 plurali
713 2203 952 2288 significatione
979 2210 1155 2285 usurpatus
1177 2201 1264 2265 sicut
1285 2200 1376 2265 duali

234 2313 267 2374 in
282 2311 399 2396 fragm.
415 2312 503 2376 XIX
518 2336 567 2377 vs.
587 2313 635 2379 15.
679 2314 912 2377 Eratosthenes
928 2333 1002 2376 cum
1019 2311 1144 2376 formae
1159 2311 1257 2376 talem
1273 2313 1374 2396 signi-

234 2420 364 2484 ficatum
401 2422 518 2487 tribuit
551 2425 699 2510 sequitur
734 2423 916 2488 doctrinam
954 2422 1232 2487 Zenodoteam.
1292 2421 1375 2486 Sunt

235 2531 319 2594 enim
348 2539 413 2597 tres
444 2531 507 2597 loci
535 2533 704 2599 Homerici
730 2556 867 2619 quorum
896 2534 1021 2619 species
1048 2531 1123 2596 talis
1154 2540 1219 2616 est,
1253 2540 1289 2596 ut
1316 2555 1376 2616 μιν

234 2664 409 2727 pronomen
439 2641 597 2727 pluralem
630 2654 687 2708 aut
722 2642 851 2728 dualem
882 2645 948 2706 vim
977 2642 1097 2707 habere
1131 2643 1301 2734 videatur3
1334 2641 1375 2704 de
1419 2634 1421 2641 ’

233 2751 352 2838 quibus
375 2753 422 2818 ita
444 2752 577 2817 disserit
590 2753 784 2838 Apollonius
799 2753 963 2839 Dyscolus
987 2753 1041 2835 (de
1055 2775 1145 2839 pron.
1167 2777 1199 2839 p.
1217 2753 1276 2816 108
1292 2751 1373 2838 sq.):

234 2859 252 2926 ὁ
281 2861 317 2927 δὲ
348 2861 475 2936 πλάνος
507 2868 565 2946 τῆς
587 2853 754 2946 τοιαύτης
775 2861 930 2946 ὀφορμῆς
958 2862 1116 2948 (loquitur
1150 2863 1191 2926 de
1218 2863 1274 2926 νίν
1301 2884 1374 2946 pro-

232 2971 361 3036 nomine
400 2971 443 3035 ad
484 2974 615 3037 nomina
650 2972 791 3060 pluralia
823 2971 937 3055 relato)
975 2977 1054 3048 ἴσως
1092 2973 1199 3057 ἐρρύη
1240 2973 1278 3038 ἐκ
1313 2977 1375 3036 τοῦ

234 3077 404 3165 ,,εὕρομεν
432 3081 470 3147 ἐν
499 3082 645 3168 βήσσησι
672 3083 856 3168 τετυγμένα
879 3076 1043 3166 δώματα
1065 3082 1200 3165 κόλαῖ),
1229 3079 1314 3166 ὀμφλ
1337 3082 1378 3148 δέ

233 3214 303 3273 μιν
325 3190 423 3255 λόκοι
443 3184 533 3274 ἦσαν
555 3193 750 3277 ὀρέστεροιίί
773 3193 851 3278 (Οό.
874 3215 895 3256 κ
916 3193 990 3258 210.
1012 3194 1105 3279 212),
1134 3193 1190 3257 καὶ
1216 3184 1262 3275 „d
1284 3192 1374 3274 μάλα
1471 3176 1480 3193 ’

233 3297 275 3384 δη
303 3299 382 3364 τάδε
409 3301 572 3385 δώματα
605 3301 681 3368 κάλ’
712 3301 917 3387 Ὀδυσσῆοςα
951 3303 1007 3368 καὶ
1039 3284 1201 3386 ,φόνιόν
1227 3305 1277 3378 τίς
1304 3291 1374 3388 μιν

234 3407 345 3494 ὀνήρίί
369 3413 404 3498 (ρ
426 3411 499 3476 264.
522 3413 611 3497 268).
641 3405 685 3497 ἦν
708 3413 745 3477 δὲ
767 3411 807 3478 cd
830 3412 967 3479 τοιαῦτα
991 3414 1045 3477 ἐπὶ
1067 3413 1130 3498 τὴν
1152 3417 1374 3496 συνωνυμίαν

233 3520 404 3606 φερόμενα
430 3521 491 3585 τοῦ
518 3522 629 3606 δώμα,
665 3519 786 3606 ὁμοίως
812 3526 859 3608 τῷ
892 3523 1039 3607 ,,νεφέλη
1067 3523 1107 3588 δέ
1130 3547 1189 3608 μιν
1216 3522 1374 3607 α’μφειιό-

233 3634 349 3711 λυπτε,
369 3628 407 3694 τό
428 3632 491 3713 μὲν
513 3627 555 3696 οὔ
577 3636 681 3696 ποτεα
705 3633 741 3716 (μ
765 3634 805 3697 14
818 3637 891 3720 ειη),
914 3630 952 3697 τό
968 3635 1085 3716 νέφος·
1112 3634 1175 3716 „nl
1193 3633 1256 3717 μὲν
1271 3630 1373 3718 ὀρχη-

232 3751 343 3804 στϊυαι
364 3763 420 3788 -·
444 3738 484 3805 τόι
506 3740 539 3805 δ’
564 3742 671 3825 ἐρῆμα
693 3745 872 3826 φοβεῖται“
896 3742 950 3826 (Il.
969 3748 999 3806 E
1013 3744 1074 3808 140
1090 3744 1170 3828 sq.)·
1196 3743 1372 3827 ,,ε’ννῆμαρ

230 3851 295 3932 μὲν
315 3873 372 3900 -—·
396 3854 436 3934 τῇ
458 3851 581 3936 δεκάτη
604 3850 665 3916 δέ“
689 3853 736 3936 (A
749 3853 790 3916 53
807 3857 881 3938 sq.).
920 3853 1047 3918 ἐποίσει
1061 3857 1149 3935 νοῦν
1172 3851 1371 3934 ,γιγνώσκω

231 3955 265 4023 δ’
289 3957 339 4024 ότι
361 3960 480 4063 πολλοὶ
504 3960 542 4024 έν
564 3957 656 4048 αὐτῷ
678 3962 775 4025 δαῖτα
796 3945 972 4027 τίθενταώί
1001 3962 1077 4045 (Οό.
1102 3985 1122 4044 ρ
1144 3962 1233 4048 269).
1278 3960 1316 4027 τό
1339 3960 1371 4026 δ’

232 4068 288 4133 ε’πλ
320 4071 381 4133 τοῦ
404 4067 544 4152 ’Ἆρεος
576 4070 644 4134 ιιαλ
672 4068 841 4155 Ἀθηνᾶς
865 4067 964 4154 ,,οόδ’
1001 4071 1033 4135 εί
1057 4070 1147 4153 μάλα
1175 4095 1242 4153 μιν
1275 4070 1372 4155 χόλος

299 4349 323 4413 1)
342 4340 376 4402 od
394 4345 423 4401 τ’
440 4344 580 4412 έπιιιεόσφ
598 4352 688 4425 Apoll,
705 4352 769 4420 Arg.
787 4353 829 4403 III
847 4356 904 4407 332.
995 4353 1022 4422 2)
1042 4355 1166 4410 Scribere
1183 4355 1297 4410 debebat
1316 4347 1370 4410 δώ·

227 4435 306 4489 ματα
324 4418 441 4492 Κίρκης.
