3324 5074
530 345 705 398 nrrsrvnn
725 345 773 395 nn
791 345 1045 418 rronuuuuvu
1280 423 1282 428 Ι
1307 344 1365 407 ιιι

270 531 272 536 ·
309 514 339 576 8.
377 511 511 576 Proclus
540 513 575 574 in
602 499 697 576 Eucl.
726 511 779 575 El.
807 535 838 597 p.
864 513 901 576 31
940 511 1152 576 ἐπινοεῖσθαι
1180 511 1217 576 δὲ
1245 511 1369 587 ταύτας

223 619 281 698 τοὶς
303 618 406 704 τομδς
428 617 562 704 crispin
578 617 645 687 ὑπὸ
662 624 872 704 Μεναίχμον,
895 619 954 697 τοὶς
976 619 1131 702 κωνιαολς,
1153 609 1176 685 δ
1198 620 1253 684 καλ
1273 618 1368 704 Ἐρα-

223 732 387 814 τοσθένης
416 731 562 814 ἱστορῶν
589 731 692 815 λέγει·
728 731 829 815 μηδὲ
857 734 1162 814 Μεναιχμείους
1187 753 1369 795 αωνοτο-

223 851 316 923 μεῖν
338 835 516 922 τριάδας.
556 841 709 907 Ceterum
732 840 925 905 solutionem
948 841 1008 916 hoc
1032 862 1132 904 versu
1152 839 1368 924 significatam

224 973 244 1014 a
274 950 502 1032 Menaechmo,
537 952 593 1037 qui
625 953 749 1038 primus
777 952 936 1016 sectiones
970 951 1098 1015 conicas
1132 949 1369 1036 contemplatus

224 1069 290 1143 εει,
319 1083 385 1126 non
411 1061 591 1147 profectam
620 1083 692 1125 esse
715 1059 862 1125 Blassius
890 1061 977 1124 haud
1005 1060 1251 1125 contemnendis
1274 1081 1370 1144 argu·
1485 1142 1491 1148 .

225 1171 343 1236 mentis
367 1173 517 1235 evincere
539 1170 649 1235 studet
676 1173 722 1257 (p.
746 1170 811 1253 28).

309 1280 338 1346 9.
376 1281 630 1345 Animadvertas
659 1301 778 1366 quaeso
811 1280 1035 1366 turpissimum
1064 1277 1370 1366 soloecismum'qui

226 1389 334 1454 verbis
357 1391 442 1473 μηδὲ
464 1391 571 1473 δίζηαι
587 1388 788 1456 continetur:
812 1390 883 1453 sive
906 1389 1012 1472 δίζηαι
1028 1390 1275 1454 coniunctivum
1299 1389 1370 1453 sive

225 1523 299 1566 cum
323 1499 536 1586 Bernhardyo
559 1498 774 1565 indicativum
797 1520 869 1580 esse
892 1510 1054 1585 putamus.
1288 1573 1290 1578 ¹

312 1611 361 1673 10.
399 1609 507 1696 Epist.
523 1633 555 1696 p.
573 1609 633 1673 126
656 1603 804 1686 Εὔδοξος
827 1609 864 1674 δὲ
887 1605 943 1672 διδ
959 1612 1028 1672 τῶν
1050 1607 1271 1692 καλουμένων
1286 1631 1371 1693 καμ-

226 1717 346 1783 πύλων
367 1722 543 1802 γραμμῶν.

312 1831 360 1893 11.
396 1825 595 1912 μεσόμραφα
617 1832 738 1913 μνρία;
767 1831 861 1916 epist.
885 1853 916 1916 p.
944 1830 1002 1893 1‘26
1027 1807 1240 1912 ἐπινενόηται
1263 1827 1300 1893 δὲ
1322 1852 1371 1905 τις

227 1933 287 2019 ὑφ’
311 1933 406 2021 ἡμῶν
429 1935 592 2021 ὀργανική
615 1941 715 2022 λῆψις
737 1939 849 2024 ῥᾳδία,
872 1935 917 2002 δι’
941 1927 981 2021 ἧς
1004 1935 1193 2022 εὑρήσομεν
1215 1938 1279 2002 δύο
1301 1942 1370 2002 τῶν

227 2046 397 2111 δοθεισῶν
419 2045 460 2111 οὐ
476 2047 583 2129 μόνον
599 2045 661 2111 δύο
676 2047 791 2131 μέσας,
814 2041 891 2111 ἀλλ’
914 2043 1010 2124 ὅσας
1031 2045 1080 2112 ἄν
1102 2071 1162 2122 τις
1185 2045 1368 2131 ἐπιτάξῃ,

313 2157 363 2221 13.
400 2157 497 2221 παιδὶ
520 2153 586 2222 cdv
607 2154 702 2242 ἡβῶν
725 2157 968 2244 Bernhardyus‚
994 2158 1056 2222 hac
1078 2157 1191 2222 addita
1212 2158 1370 2243 interpre-

226 2265 365 2331 tatione:
393 2265 498 2347 „felix
521 2267 598 2350 tibi,
622 2267 817 2349 Ptolemaee,
840 2268 979 2352 contigit
999 2249 1128 2349 aevum,
1151 2275 1188 2330 ut
1210 2269 1267 2353 qui
1282 2266 1369 2330 vale-

226 2375 341 2440 tudine
363 2374 470 2440 adhuc
498 2376 640 2461 integra,
670 2399 883 2463 quaecunque
913 2385 945 2441 et
967 2377 1072 2440 Musis
1101 2386 1133 2440 et
1159 2377 1292 2461 regibus
1316 2397 1371 2440 ex-

226 2495 340 2572 optata
355 2487 429 2566 sint,
453 2507 627 2551 unacum
646 2485 737 2551 filio
753 2489 977 2573 praestent
999 2487 1046 2552 At
1060 2487 1163 2552 verba
1177 2481 1287 2551 πάντα
1299 2489 1369 2551 κτλ.

228 2594 420 2679 ἐδωρήσω
442 2605 512 2660 tum
533 2595 616 2659 nihil
638 2595 796 2660 haberent
818 2619 881 2683 quo
904 2605 979 2683 apte
1002 2605 1136 2683 possent
1157 2597 1284 2660 referri.
1322 2597 1371 2660 Eo

227 2703 314 2792 quod
344 2714 436 2791 pater
464 2727 536 2769 cum
568 2704 634 2769 filio
662 2707 818 2789 συνηβοῖν
846 2706 983 2790 dicitur,
1013 2705 1102 2791 apud
1129 2707 1215 2770 hunc
1242 2715 1370 2792 poetam

104 2813 106 2820 '
227 2837 293 2879 non
315 2813 544 2879 offendendum
567 2835 700 2892 censeo,
730 2822 763 2879 et
791 2817 952 2898 σννηβῶν
980 2817 1094 2902 utique
1121 2805 1372 2902 praeferendum

228 2925 409 3010 scripturae
431 2923 593 3008 σννήμων
615 2946 698 3012 quae
720 2925 861 2989 maxime
877 2923 1022 3010 languet.
1059 2923 1156 3006 Quod
1179 2947 1256 2990 vero
1271 2925 1371 2990 Bern-

228 3033 372 3121 hardyus
405 3043 574 3121 praeterea
602 3035 645 3099 ad
679 3035 934 3120 impugnandam
971 3033 1140 3133 vulgatam
1173 3036 1372 3121 scripturam

228 3143 353 3228 profert
380 3142 504 3224 „multo
527 3144 635 3208 minus
658 3146 827 3210 conversio
850 3146 891 3209 ad
914 3143 1027 3209 Iovem
1054 3143 1121 3209 filio
1144 3144 1231 3229 regis
1253 3143 1371 3209 nobili·

107 3309 111 3316 .
229 3254 345 3335 tando,
375 3252 420 3317 de
449 3276 524 3338 quo
552 3253 654 3319 levis
677 3263 783 3318 esset
805 3254 953 3319 mentio
976 3254 1147 3335 iniecta,
1176 3254 1371 3340 statui'pos-

230 3366 401 3445 set“,·non
424 3385 537 3428 verum
559 3372 618 3428 est.
657 3361 821 3442 Quoniam
844 3362 930 3427 enim
953 3363 997 3428 ad
1017 3359 1126 3426 πάντα
1146 3361 1307 3446 ἐδωρήσω
1331 3384 1371 3427 ex

123 3469 133 3494 ⁸
230 3471 503 3558 praecedentibus
520 3472 737 3560 supplendum
753 3482 803 3537 εει
817 3476 863 3558 τῷ
877 3473 984 3554 παιδί,
1003 3472 1136 3536 minime
1151 3469 1236 3537 levis
1251 3473 1372 3537 mentio

231 3581 271 3646 de
299 3580 366 3646 filio
396 3583 517 3649 iniecta
549 3591 615 3665 εει,
648 3581 706 3647 sed
737 3603 862 3647 summa
890 3583 989 3647 totius
1017 3584 1198 3649 sententiae
1228 3583 1271 3647 ad
1299 3603 1372 3646 eum

231 3690 382 3776 pertinet.
