<?xml version="1.0" encoding="UTF-8"?>
<!DOCTYPE html PUBLIC "-//W3C//DTD XHTML 1.0 Transitional//EN"
    "http://www.w3.org/TR/xhtml1/DTD/xhtml1-transitional.dtd">
<html xmlns="http://www.w3.org/1999/xhtml" xml:lang="en" lang="en">
 <head>
  <title>
</title>
<meta http-equiv="Content-Type" content="text/html;charset=utf-8" />
  <meta name='ocr-system' content='tesseract 3.04.00' />
  <meta name='ocr-capabilities' content='ocr_page ocr_carea ocr_par ocr_line ocrx_word'/>
</head>
<body>
  <div class='ocr_page' id='page_1' title='image "./eratostheniscar00hillgoog/eratostheniscar00hillgoog_0067.png"; bbox 0 0 3354 5076; ppageno 0'>
   <div class='ocr_carea' id='block_1_1' title="bbox 347 327 1026 392">
    <p class='ocr_par' dir='ltr' id='par_1_1' title="bbox 347 327 1026 392">
     <span class='ocr_line' id='line_1_1' title="bbox 347 327 1026 392; baseline -0.004 -11"><span class='ocrx_word' id='word_1_1' title='bbox 347 329 391 392; x_wconf 78' lang='lat'>52</span> <span class='ocrx_word' id='word_1_2' title='bbox 816 327 1026 380; x_wconf 77' lang='lat' dir='ltr'>uruucvmvs</span> 
     </span>
    </p>
   </div>
   <div class='ocr_carea' id='block_1_2' title="bbox 349 494 1494 695">
    <p class='ocr_par' dir='ltr' id='par_1_2' title="bbox 349 494 1494 695">
     <span class='ocr_line' id='line_1_2' title="bbox 350 494 1494 582; baseline -0.003 -20"><span class='ocrx_word' id='word_1_3' title='bbox 350 494 516 580; x_wconf 80' lang='grc' dir='ltr'><em>ἁρμονίαν</em></span> <span class='ocrx_word' id='word_1_4' title='bbox 545 497 749 580; x_wconf 85' lang='grc' dir='ltr'><strong><em>ξυμφωνεῑν.</em></strong></span> <span class='ocrx_word' id='word_1_5' title='bbox 801 495 896 563; x_wconf 84' lang='lat' dir='ltr'><strong>Alex.</strong></span> <span class='ocrx_word' id='word_1_6' title='bbox 921 496 1005 582; x_wconf 84' lang='lat' dir='ltr'>Eph.</span> <span class='ocrx_word' id='word_1_7' title='bbox 1038 496 1125 582; x_wconf 83' lang='lat' dir='ltr'>apud</span> <span class='ocrx_word' id='word_1_8' title='bbox 1153 497 1318 561; x_wconf 84' lang='lat' dir='ltr'>Thoonem</span> <span class='ocrx_word' id='word_1_9' title='bbox 1347 495 1388 559; x_wconf 89' lang='lat' dir='ltr'>de</span> <span class='ocrx_word' id='word_1_10' title='bbox 1414 505 1494 560; x_wconf 88' lang='lat' dir='ltr'>astr.</span> 
     </span>
     <span class='ocr_line' id='line_1_3' title="bbox 349 609 468 695; baseline 0.008 -24"><span class='ocrx_word' id='word_1_11' title='bbox 349 633 381 695; x_wconf 89' lang='lat' dir='ltr'>p.</span> <span class='ocrx_word' id='word_1_12' title='bbox 408 609 468 672; x_wconf 80' lang='lat'>184</span> 
     </span>
    </p>
   </div>
   <div class='ocr_carea' id='block_1_3' title="bbox 434 718 1342 922">
    <p class='ocr_par' dir='ltr' id='par_1_3' title="bbox 434 718 1342 922">
     <span class='ocr_line' id='line_1_4' title="bbox 434 718 1342 809; baseline -0.001 -21"><span class='ocrx_word' id='word_1_13' title='bbox 434 721 559 800; x_wconf 79' lang='grc' dir='ltr'><strong><em>πάντες</em></strong></span> <span class='ocrx_word' id='word_1_14' title='bbox 581 723 614 789; x_wconf 91' lang='grc' dir='ltr'>δ’</span> <span class='ocrx_word' id='word_1_15' title='bbox 638 724 834 790; x_wconf 83' lang='grc' dir='ltr'><strong><em>ἑπτατόνοιο</em></strong></span> <span class='ocrx_word' id='word_1_16' title='bbox 857 718 960 807; x_wconf 84' lang='grc' dir='ltr'><strong><em>λύρης</em></strong></span> <span class='ocrx_word' id='word_1_17' title='bbox 982 724 1162 807; x_wconf 82' lang='grc' dir='ltr'><strong><em>φθόγγοισι</em></strong></span> <span class='ocrx_word' id='word_1_18' title='bbox 1184 723 1342 809; x_wconf 76' lang='grc' dir='ltr'><strong><em>συνῳδὸν</em></strong></span> 
     </span>
     <span class='ocr_line' id='line_1_5' title="bbox 434 831 1321 922; baseline 0.002 -22"><span class='ocrx_word' id='word_1_19' title='bbox 434 832 601 922; x_wconf 81' lang='grc' dir='ltr'><strong><em>ἁρμονίην</em></strong></span> <span class='ocrx_word' id='word_1_20' title='bbox 624 833 806 919; x_wconf 84' lang='grc' dir='ltr'><strong><em>προχέουσι</em></strong></span> <span class='ocrx_word' id='word_1_21' title='bbox 828 833 999 898; x_wconf 79' lang='grc' dir='ltr'><em>διαστάσει</em></span> <span class='ocrx_word' id='word_1_22' title='bbox 1021 831 1123 910; x_wconf 78' lang='grc' dir='ltr'><strong><em>ἄλλος</em></strong></span> <span class='ocrx_word' id='word_1_23' title='bbox 1146 831 1200 899; x_wconf 80' lang='grc' dir='ltr'><strong><em>ἐπ’</em></strong></span> <span class='ocrx_word' id='word_1_24' title='bbox 1224 831 1321 918; x_wconf 81' lang='grc' dir='ltr'><strong><em>ἄλλῃ.</em></strong></span> 
     </span>
    </p>
   </div>
   <div class='ocr_carea' id='block_1_4' title="bbox 347 976 1495 1483">
    <p class='ocr_par' dir='ltr' id='par_1_4' title="bbox 347 976 1495 1483">
     <span class='ocr_line' id='line_1_6' title="bbox 348 976 1494 1064; baseline 0.002 -26"><span class='ocrx_word' id='word_1_25' title='bbox 348 976 449 1040; x_wconf 83' lang='lat' dir='ltr'>Recte</span> <span class='ocrx_word' id='word_1_26' title='bbox 471 979 745 1043; x_wconf 80' lang='lat' dir='ltr'>constructionem</span> <span class='ocrx_word' id='word_1_27' title='bbox 769 1001 789 1042; x_wconf 89' lang='lat' dir='ltr'>a</span> <span class='ocrx_word' id='word_1_28' title='bbox 810 977 983 1062; x_wconf 84' lang='lat' dir='ltr'>Timotheo</span> <span class='ocrx_word' id='word_1_29' title='bbox 1008 977 1205 1042; x_wconf 78' lang='lat' dir='ltr'>intellectam</span> <span class='ocrx_word' id='word_1_30' title='bbox 1228 1000 1300 1042; x_wconf 88' lang='lat' dir='ltr'>esse</span> <span class='ocrx_word' id='word_1_31' title='bbox 1322 978 1399 1041; x_wconf 88' lang='lat' dir='ltr'>inde</span> <span class='ocrx_word' id='word_1_32' title='bbox 1421 1001 1494 1064; x_wconf 87' lang='lat' dir='ltr'>per-</span> 
     </span>
     <span class='ocr_line' id='line_1_7' title="bbox 349 1083 1494 1175; baseline 0.003 -27"><span class='ocrx_word' id='word_1_33' title='bbox 349 1088 508 1172; x_wconf 90' lang='lat' dir='ltr'>spicuum,</span> <span class='ocrx_word' id='word_1_34' title='bbox 526 1087 615 1175; x_wconf 90' lang='lat' dir='ltr'>quod</span> <span class='ocrx_word' id='word_1_35' title='bbox 630 1109 745 1153; x_wconf 87' lang='lat' dir='ltr'>versus</span> <span class='ocrx_word' id='word_1_36' title='bbox 761 1096 894 1174; x_wconf 88' lang='lat' dir='ltr'>propter</span> <span class='ocrx_word' id='word_1_37' title='bbox 909 1088 1118 1174; x_wconf 90' lang='lat' dir='ltr'>proverbium</span> <span class='ocrx_word' id='word_1_38' title='bbox 1134 1088 1244 1152; x_wconf 88' lang='grc' dir='ltr'><strong><em>πάντα</em></strong></span> <span class='ocrx_word' id='word_1_39' title='bbox 1266 1083 1354 1151; x_wconf 80' lang='grc' dir='ltr'><strong><em>ἀκταί</em></strong></span> <span class='ocrx_word' id='word_1_40' title='bbox 1369 1087 1494 1152; x_wconf 86' lang='lat' dir='ltr'>citavit.</span> 
     </span>
     <span class='ocr_line' id='line_1_8' title="bbox 350 1197 1494 1285; baseline 0 -25"><span class='ocrx_word' id='word_1_41' title='bbox 350 1199 460 1284; x_wconf 83' lang='lat' dir='ltr'>Atque</span> <span class='ocrx_word' id='word_1_42' title='bbox 481 1199 528 1261; x_wconf 89' lang='lat' dir='ltr'>ita</span> <span class='ocrx_word' id='word_1_43' title='bbox 549 1197 655 1263; x_wconf 90' lang='lat' dir='ltr'>locum</span> <span class='ocrx_word' id='word_1_44' title='bbox 677 1197 971 1281; x_wconf 80' lang='lat' dir='ltr'>Eratosthenicum,</span> <span class='ocrx_word' id='word_1_45' title='bbox 994 1198 1029 1262; x_wconf 91' lang='lat' dir='ltr'>id</span> <span class='ocrx_word' id='word_1_46' title='bbox 1052 1198 1139 1285; x_wconf 92' lang='lat' dir='ltr'>quod</span> <span class='ocrx_word' id='word_1_47' title='bbox 1162 1209 1239 1285; x_wconf 86' lang='lat' dir='ltr'>apte</span> <span class='ocrx_word' id='word_1_48' title='bbox 1262 1208 1371 1262; x_wconf 91' lang='lat' dir='ltr'>monet</span> <span class='ocrx_word' id='word_1_49' title='bbox 1392 1197 1494 1260; x_wconf 87' lang='lat' dir='ltr'>Bern-</span> 
     </span>
     <span class='ocr_line' id='line_1_9' title="bbox 349 1307 1495 1396; baseline -0.001 -26"><span class='ocrx_word' id='word_1_50' title='bbox 349 1307 505 1395; x_wconf 83' lang='lat' dir='ltr'>hardyus‚</span> <span class='ocrx_word' id='word_1_51' title='bbox 530 1310 627 1373; x_wconf 88' lang='lat' dir='ltr'>etiam</span> <span class='ocrx_word' id='word_1_52' title='bbox 650 1317 747 1396; x_wconf 87' lang='lat' dir='ltr'>pocta</span> <span class='ocrx_word' id='word_1_53' title='bbox 768 1329 920 1372; x_wconf 89' lang='lat' dir='ltr'>versuum</span> <span class='ocrx_word' id='word_1_54' title='bbox 943 1307 1071 1372; x_wconf 89' lang='lat' dir='ltr'>illorum</span> <span class='ocrx_word' id='word_1_55' title='bbox 1086 1309 1276 1394; x_wconf 84' lang='lat' dir='ltr'>concepisse</span> <span class='ocrx_word' id='word_1_56' title='bbox 1292 1309 1424 1372; x_wconf 86' lang='lat' dir='ltr'>videtur</span> <span class='ocrx_word' id='word_1_57' title='bbox 1438 1308 1495 1394; x_wconf 93' lang='lat' dir='ltr'>qui</span> 
     </span>
     <span class='ocr_line' id='line_1_10' title="bbox 347 1417 1051 1483; baseline 0.004 -3"><span class='ocrx_word' id='word_1_58' title='bbox 347 1419 541 1483; x_wconf 83' lang='lat' dir='ltr'>adferuntur</span> <span class='ocrx_word' id='word_1_59' title='bbox 563 1442 583 1483; x_wconf 93' lang='lat' dir='ltr'>a</span> <span class='ocrx_word' id='word_1_60' title='bbox 605 1417 774 1483; x_wconf 84' lang='lat' dir='ltr'>Clemente</span> <span class='ocrx_word' id='word_1_61' title='bbox 797 1419 912 1483; x_wconf 82' lang='lat' dir='ltr'>Strom.</span> <span class='ocrx_word' id='word_1_62' title='bbox 936 1417 967 1482; x_wconf 93' lang='lat' dir='ltr'>V</span> <span class='ocrx_word' id='word_1_63' title='bbox 993 1419 1051 1483; x_wconf 80' lang='lat'>107</span> 
     </span>
    </p>
   </div>
   <div class='ocr_carea' id='block_1_5' title="bbox 435 1547 1309 1746">
    <p class='ocr_par' dir='ltr' id='par_1_5' title="bbox 435 1547 1309 1746">
     <span class='ocr_line' id='line_1_11' title="bbox 435 1547 1305 1639; baseline -0.002 -21"><span class='ocrx_word' id='word_1_64' title='bbox 435 1554 516 1619; x_wconf 82' lang='grc' dir='ltr'><strong><em>ἑπτά</em></strong></span> <span class='ocrx_word' id='word_1_65' title='bbox 539 1555 576 1618; x_wconf 79' lang='grc' dir='ltr'>δὲ</span> <span class='ocrx_word' id='word_1_66' title='bbox 599 1555 710 1618; x_wconf 81' lang='grc' dir='ltr'><strong><em>πάντα</em></strong></span> <span class='ocrx_word' id='word_1_67' title='bbox 732 1553 869 1618; x_wconf 80' lang='grc' dir='ltr'><strong><em>τέτυκτο</em></strong></span> <span class='ocrx_word' id='word_1_68' title='bbox 894 1551 932 1616; x_wconf 76' lang='grc' dir='ltr'>ἐν</span> <span class='ocrx_word' id='word_1_69' title='bbox 954 1547 1091 1639; x_wconf 77' lang='grc' dir='ltr'><strong><em>οὐρανῷ</em></strong></span> <span class='ocrx_word' id='word_1_70' title='bbox 1113 1552 1305 1636; x_wconf 71' lang='grc' dir='ltr'><strong><em>ἀστερόεντι</em></strong></span> 
     </span>
     <span class='ocr_line' id='line_1_12' title="bbox 435 1661 1309 1746; baseline 0.001 -18"><span class='ocrx_word' id='word_1_71' title='bbox 435 1667 473 1728; x_wconf 85' lang='grc' dir='ltr'>έν</span> <span class='ocrx_word' id='word_1_72' title='bbox 496 1663 653 1728; x_wconf 84' lang='grc' dir='ltr'><strong><em>κάκλοισι</em></strong></span> <span class='ocrx_word' id='word_1_73' title='bbox 676 1661 815 1746; x_wconf 80' lang='grc' dir='ltr'><strong><em>φανέντ’</em></strong></span> <span class='ocrx_word' id='word_1_74' title='bbox 841 1664 1109 1746; x_wconf 80' lang='grc' dir='ltr'><strong><em>ἐπιτελλομένοις</em></strong></span> <span class='ocrx_word' id='word_1_75' title='bbox 1132 1661 1309 1740; x_wconf 79' lang='grc' dir='ltr'><strong><em>ἐνιαυτοῖς.</em></strong></span> 
     </span>
    </p>
   </div>
   <div class='ocr_carea' id='block_1_6' title="bbox 325 1795 1580 4191">
    <p class='ocr_par' dir='ltr' id='par_1_6' title="bbox 325 1795 1580 4191">
     <span class='ocr_line' id='line_1_13' title="bbox 434 1795 1494 1885; baseline -0.002 -21"><span class='ocrx_word' id='word_1_76' title='bbox 434 1799 668 1864; x_wconf 82' lang='lat' dir='ltr'>Eratosthenes</span> <span class='ocrx_word' id='word_1_77' title='bbox 692 1821 764 1863; x_wconf 92' lang='lat' dir='ltr'>cum</span> <span class='ocrx_word' id='word_1_78' title='bbox 788 1799 869 1862; x_wconf 90' lang='lat' dir='ltr'>dicit</span> <span class='ocrx_word' id='word_1_79' title='bbox 898 1795 984 1863; x_wconf 82' lang='grc' dir='ltr'>ὀκτά</span> <span class='ocrx_word' id='word_1_80' title='bbox 1011 1797 1052 1881; x_wconf 78' lang='grc' dir='ltr'>δη</span> <span class='ocrx_word' id='word_1_81' title='bbox 1080 1796 1159 1863; x_wconf 88' lang='grc' dir='ltr'>τάδε</span> <span class='ocrx_word' id='word_1_82' title='bbox 1181 1799 1292 1863; x_wconf 80' lang='grc' dir='ltr'><strong><em>πάντα</em></strong></span> <span class='ocrx_word' id='word_1_83' title='bbox 1320 1800 1494 1885; x_wconf 84' lang='lat' dir='ltr'>proverbio</span> 
     </span>
     <span class='ocr_line' id='line_1_14' title="bbox 350 1906 1494 1976; baseline -0.003 -2"><span class='ocrx_word' id='word_1_84' title='bbox 350 1908 459 1974; x_wconf 73' lang='lat' dir='ltr'>ativae</span> <span class='ocrx_word' id='word_1_85' title='bbox 488 1906 575 1974; x_wconf 78' lang='grc' dir='ltr'><strong><em>ὀκτώ</em></strong></span> <span class='ocrx_word' id='word_1_86' title='bbox 605 1911 674 1974; x_wconf 88' lang='lat' dir='ltr'>sine</span> <span class='ocrx_word' id='word_1_87' title='bbox 702 1909 803 1973; x_wconf 88' lang='lat' dir='ltr'>dubio</span> <span class='ocrx_word' id='word_1_88' title='bbox 836 1908 959 1972; x_wconf 84' lang='lat' dir='ltr'>alludit.</span> <span class='ocrx_word' id='word_1_89' title='bbox 1006 1909 1092 1972; x_wconf 85' lang='lat' dir='ltr'>Num</span> <span class='ocrx_word' id='word_1_90' title='bbox 1119 1920 1228 1976; x_wconf 88' lang='lat' dir='ltr'>autom</span> <span class='ocrx_word' id='word_1_91' title='bbox 1256 1909 1494 1973; x_wconf 83' lang='lat' dir='ltr'>derivationem</span> 
     </span>
     <span class='ocr_line' id='line_1_15' title="bbox 349 2018 1494 2106; baseline -0.002 -22"><span class='ocrx_word' id='word_1_92' title='bbox 349 2020 516 2106; x_wconf 86' lang='lat' dir='ltr'>proverbii</span> <span class='ocrx_word' id='word_1_93' title='bbox 530 2043 550 2084; x_wconf 92' lang='lat' dir='ltr'>a</span> <span class='ocrx_word' id='word_1_94' title='bbox 566 2019 775 2106; x_wconf 84' lang='lat' dir='ltr'>sphaerarum</span> <span class='ocrx_word' id='word_1_95' title='bbox 792 2041 926 2082; x_wconf 89' lang='lat' dir='ltr'>numero</span> <span class='ocrx_word' id='word_1_96' title='bbox 942 2020 1114 2104; x_wconf 89' lang='lat' dir='ltr'>petendam</span> <span class='ocrx_word' id='word_1_97' title='bbox 1131 2020 1368 2085; x_wconf 85' lang='lat' dir='ltr'>existimaverit</span> <span class='ocrx_word' id='word_1_98' title='bbox 1383 2018 1494 2105; x_wconf 87' lang='lat' dir='ltr'>(quam</span> 
     </span>
     <span class='ocr_line' id='line_1_16' title="bbox 350 2127 1493 2216; baseline -0.003 -22"><span class='ocrx_word' id='word_1_99' title='bbox 350 2131 544 2196; x_wconf 89' lang='lat' dir='ltr'>sententiam</span> <span class='ocrx_word' id='word_1_100' title='bbox 567 2152 586 2193; x_wconf 89' lang='lat' dir='ltr'>a</span> <span class='ocrx_word' id='word_1_101' title='bbox 609 2131 781 2196; x_wconf 86' lang='lat' dir='ltr'>Timotheo</span> <span class='ocrx_word' id='word_1_102' title='bbox 805 2140 838 2194; x_wconf 91' lang='lat' dir='ltr'>et</span> <span class='ocrx_word' id='word_1_103' title='bbox 852 2127 1004 2193; x_wconf 87' lang='lat' dir='ltr'>Anatolio</span> <span class='ocrx_word' id='word_1_104' title='bbox 1027 2129 1167 2216; x_wconf 86' lang='lat' dir='ltr'>proferri</span> <span class='ocrx_word' id='word_1_105' title='bbox 1189 2131 1365 2212; x_wconf 84' lang='lat' dir='ltr'>videmus),</span> <span class='ocrx_word' id='word_1_106' title='bbox 1388 2127 1422 2191; x_wconf 94' lang='lat' dir='ltr'>in</span> <span class='ocrx_word' id='word_1_107' title='bbox 1444 2130 1493 2191; x_wconf 91' lang='lat' dir='ltr'>in-</span> 
     </span>
     <span class='ocr_line' id='line_1_17' title="bbox 335 2239 1495 2328; baseline -0.005 -22"><span class='ocrx_word' id='word_1_108' title='bbox 335 2251 439 2328; x_wconf 88' lang='lat' dir='ltr'>certo</span> <span class='ocrx_word' id='word_1_109' title='bbox 466 2240 725 2324; x_wconf 88' lang='lat' dir='ltr'>relinquendum.</span> <span class='ocrx_word' id='word_1_110' title='bbox 770 2239 903 2304; x_wconf 81' lang='lat' dir='ltr'>Falsam</span> <span class='ocrx_word' id='word_1_111' title='bbox 931 2261 1003 2302; x_wconf 88' lang='lat' dir='ltr'>csse</span> <span class='ocrx_word' id='word_1_112' title='bbox 1031 2240 1115 2303; x_wconf 90' lang='lat' dir='ltr'>hanc</span> <span class='ocrx_word' id='word_1_113' title='bbox 1147 2241 1331 2327; x_wconf 90' lang='lat' dir='ltr'>opinionem</span> <span class='ocrx_word' id='word_1_114' title='bbox 1360 2239 1417 2304; x_wconf 88' lang='lat' dir='ltr'>vix</span> <span class='ocrx_word' id='word_1_115' title='bbox 1445 2247 1495 2301; x_wconf 91' lang='lat' dir='ltr'>est</span> 
     </span>
     <span class='ocr_line' id='line_1_18' title="bbox 351 2349 1495 2438; baseline -0.003 -24"><span class='ocrx_word' id='word_1_116' title='bbox 351 2354 437 2438; x_wconf 89' lang='lat' dir='ltr'>quod</span> <span class='ocrx_word' id='word_1_117' title='bbox 460 2373 623 2416; x_wconf 88' lang='lat' dir='ltr'>moneam:</span> <span class='ocrx_word' id='word_1_118' title='bbox 646 2372 751 2436; x_wconf 88' lang='lat' dir='ltr'>neque</span> <span class='ocrx_word' id='word_1_119' title='bbox 774 2351 860 2413; x_wconf 89' lang='lat' dir='ltr'>enim</span> <span class='ocrx_word' id='word_1_120' title='bbox 884 2372 926 2414; x_wconf 84' lang='lat' dir='ltr'>ex</span> <span class='ocrx_word' id='word_1_121' title='bbox 948 2351 1147 2415; x_wconf 86' lang='lat' dir='ltr'>astronomia</span> <span class='ocrx_word' id='word_1_122' title='bbox 1162 2350 1339 2436; x_wconf 88' lang='lat' dir='ltr'>proverbia</span> <span class='ocrx_word' id='word_1_123' title='bbox 1353 2349 1495 2412; x_wconf 86' lang='lat' dir='ltr'>existere</span> 
     </span>
     <span class='ocr_line' id='line_1_19' title="bbox 351 2458 1494 2546; baseline -0.003 -22"><span class='ocrx_word' id='word_1_124' title='bbox 351 2461 466 2526; x_wconf 90' lang='lat' dir='ltr'>solent.</span> <span class='ocrx_word' id='word_1_125' title='bbox 523 2459 607 2524; x_wconf 83' lang='lat' dir='ltr'>Aliis</span> <span class='ocrx_word' id='word_1_126' title='bbox 639 2481 781 2546; x_wconf 85' lang='lat' dir='ltr'>quoque,</span> <span class='ocrx_word' id='word_1_127' title='bbox 816 2460 871 2544; x_wconf 91' lang='lat' dir='ltr'>qui</span> <span class='ocrx_word' id='word_1_128' title='bbox 899 2458 1071 2524; x_wconf 89' lang='lat' dir='ltr'>obscuram</span> <span class='ocrx_word' id='word_1_129' title='bbox 1104 2459 1280 2524; x_wconf 86' lang='lat' dir='ltr'>dictionem</span> <span class='ocrx_word' id='word_1_130' title='bbox 1308 2459 1494 2524; x_wconf 86' lang='lat' dir='ltr'>artificiosis</span> 
     </span>
     <span class='ocr_line' id='line_1_20' title="bbox 352 2569 1495 2658; baseline -0.003 -23"><span class='ocrx_word' id='word_1_131' title='bbox 352 2572 521 2658; x_wconf 86' lang='lat' dir='ltr'>doctisque</span> <span class='ocrx_word' id='word_1_132' title='bbox 543 2569 869 2656; x_wconf 86' lang='lat' dir='ltr'>interpretationibus</span> <span class='ocrx_word' id='word_1_133' title='bbox 892 2569 1067 2656; x_wconf 87' lang='lat' dir='ltr'>explanare</span> <span class='ocrx_word' id='word_1_134' title='bbox 1082 2570 1271 2652; x_wconf 82' lang='lat' dir='ltr'>studebant,</span> <span class='ocrx_word' id='word_1_135' title='bbox 1295 2570 1495 2656; x_wconf 88' lang='lat' dir='ltr'>improspere</span> 
     </span>
     <span class='ocr_line' id='line_1_21' title="bbox 351 2655 1495 2770; baseline -0.003 -24"><span class='ocrx_word' id='word_1_136' title='bbox 351 2704 402 2746; x_wconf 88' lang='lat' dir='ltr'>res</span> <span class='ocrx_word' id='word_1_137' title='bbox 427 2681 593 2770; x_wconf 81' lang='lat' dir='ltr'>successit.</span> <span class='ocrx_word' id='word_1_138' title='bbox 638 2678 758 2744; x_wconf 84' lang='lat' dir='ltr'>Pollux</span> <span class='ocrx_word' id='word_1_139' title='bbox 780 2679 833 2742; x_wconf 89' lang='lat' dir='ltr'>IX</span> <span class='ocrx_word' id='word_1_140' title='bbox 858 2680 919 2743; x_wconf 83' lang='lat'>100</span> <span class='ocrx_word' id='word_1_141' title='bbox 941 2680 997 2744; x_wconf 80' lang='grc' dir='ltr'>καὶ</span> <span class='ocrx_word' id='word_1_142' title='bbox 1018 2677 1086 2764; x_wconf 76' lang='grc' dir='ltr'>μὴν</span> <span class='ocrx_word' id='word_1_143' title='bbox 1108 2681 1163 2744; x_wconf 80' lang='grc' dir='ltr'>καὶ</span> <span class='ocrx_word' id='word_1_144' title='bbox 1186 2682 1392 2764; x_wconf 86' lang='grc' dir='ltr'><strong><em>Στησίχορος</em></strong></span> <span class='ocrx_word' id='word_1_145' title='bbox 1415 2655 1495 2743; x_wconf 79' lang='grc' dir='ltr'><strong><em>ένα-</em></strong></span> 
     </span>
     <span class='ocr_line' id='line_1_22' title="bbox 352 2783 1495 2874; baseline -0.003 -19"><span class='ocrx_word' id='word_1_146' title='bbox 352 2789 441 2856; x_wconf 80' lang='grc' dir='ltr'><strong><em>λείτό</em></strong></span> <span class='ocrx_word' id='word_1_147' title='bbox 463 2814 513 2866; x_wconf 87' lang='grc' dir='ltr'>τις</span> <span class='ocrx_word' id='word_1_148' title='bbox 534 2786 624 2872; x_wconf 82' lang='grc' dir='ltr'><strong><em>παρὰ</em></strong></span> <span class='ocrx_word' id='word_1_149' title='bbox 646 2799 715 2865; x_wconf 84' lang='grc' dir='ltr'><strong><em>τοῖς</em></strong></span> <span class='ocrx_word' id='word_1_150' title='bbox 737 2783 1037 2871; x_wconf 75' lang='grc' dir='ltr'><strong><em>ἀστραγαλίζουσιν</em></strong></span> <span class='ocrx_word' id='word_1_151' title='bbox 1060 2789 1219 2874; x_wconf 78' lang='grc' dir='ltr'><strong><em>ἀριθμός,</em></strong></span> <span class='ocrx_word' id='word_1_152' title='bbox 1248 2784 1284 2865; x_wconf 85' lang='grc' dir='ltr'><strong><em>ὃς</em></strong></span> <span class='ocrx_word' id='word_1_153' title='bbox 1308 2790 1433 2873; x_wconf 80' lang='grc' dir='ltr'><strong><em>ἐδήλου</em></strong></span> <span class='ocrx_word' id='word_1_154' title='bbox 1454 2787 1495 2852; x_wconf 89' lang='grc' dir='ltr'><strong><em>τά</em></strong></span> 
     </span>
     <span class='ocr_line' id='line_1_23' title="bbox 352 2896 1495 2985; baseline -0.002 -21"><span class='ocrx_word' id='word_1_155' title='bbox 352 2898 455 2965; x_wconf 82' lang='grc' dir='ltr'><strong><em>ὀκτώ·</em></strong></span> <span class='ocrx_word' id='word_1_156' title='bbox 487 2899 546 2963; x_wconf 88' lang='grc' dir='ltr'><strong><em>τὸν</em></strong></span> <span class='ocrx_word' id='word_1_157' title='bbox 573 2901 638 2982; x_wconf 90' lang='grc' dir='ltr'>γάρ</span> <span class='ocrx_word' id='word_1_158' title='bbox 669 2901 707 2965; x_wconf 83' lang='grc' dir='ltr'>ἐν</span> <span class='ocrx_word' id='word_1_159' title='bbox 725 2897 835 2985; x_wconf 82' lang='grc' dir='ltr'><strong><em>Ἱμέρα</em></strong></span> <span class='ocrx_word' id='word_1_160' title='bbox 856 2903 917 2964; x_wconf 82' lang='grc' dir='ltr'><strong><em>τοῦ</em></strong></span> <span class='ocrx_word' id='word_1_161' title='bbox 939 2902 1081 2984; x_wconf 83' lang='grc' dir='ltr'><strong><em>ποιητοῦ</em></strong></span> <span class='ocrx_word' id='word_1_162' title='bbox 1107 2900 1217 2984; x_wconf 86' lang='grc' dir='ltr'><strong><em>τάφον</em></strong></span> <span class='ocrx_word' id='word_1_163' title='bbox 1240 2899 1274 2977; x_wconf 86' lang='grc' dir='ltr'>ἐξ</span> <span class='ocrx_word' id='word_1_164' title='bbox 1297 2896 1383 2964; x_wconf 74' lang='grc' dir='ltr'><strong><em>ὀκτοδ</em></strong></span> <span class='ocrx_word' id='word_1_165' title='bbox 1407 2898 1495 2963; x_wconf 90' lang='grc' dir='ltr'>πάν-</span> 
     </span>
     <span class='ocr_line' id='line_1_24' title="bbox 352 3007 1496 3094; baseline -0.001 -21"><span class='ocrx_word' id='word_1_166' title='bbox 352 3034 421 3074; x_wconf 87' lang='grc' dir='ltr'><strong><em>των</em></strong></span> <span class='ocrx_word' id='word_1_167' title='bbox 449 3009 654 3073; x_wconf 80' lang='grc' dir='ltr'><strong><em>συντεθέντα</em></strong></span> <span class='ocrx_word' id='word_1_168' title='bbox 683 3009 900 3093; x_wconf 80' lang='grc' dir='ltr'><strong><em>πεποιηκέναι</em></strong></span> <span class='ocrx_word' id='word_1_169' title='bbox 928 3007 989 3094; x_wconf 80' lang='grc' dir='ltr'><strong><em>τὴν</em></strong></span> <span class='ocrx_word' id='word_1_170' title='bbox 1017 3007 1140 3092; x_wconf 88' lang='grc' dir='ltr'><strong><em>,,πάντ’</em></strong></span> <span class='ocrx_word' id='word_1_171' title='bbox 1165 3008 1275 3074; x_wconf 52' lang='grc' dir='ltr'><strong><em>ὀπτοί(</em></strong></span> <span class='ocrx_word' id='word_1_172' title='bbox 1298 3029 1383 3093; x_wconf 88' lang='grc' dir='ltr'><strong><em>φασι</em></strong></span> <span class='ocrx_word' id='word_1_173' title='bbox 1405 3031 1496 3092; x_wconf 90' lang='grc' dir='ltr'><strong><em>παρ-</em></strong></span> 
     </span>
     <span class='ocr_line' id='line_1_25' title="bbox 353 3116 1495 3204; baseline 0 -22"><span class='ocrx_word' id='word_1_174' title='bbox 353 3121 477 3204; x_wconf 90' lang='grc' dir='ltr'><strong><em>οιμίαν.</em></strong></span> <span class='ocrx_word' id='word_1_175' title='bbox 516 3118 651 3183; x_wconf 90' lang='lat' dir='ltr'>Photius</span> <span class='ocrx_word' id='word_1_176' title='bbox 675 3142 707 3200; x_wconf 60' lang='lat' dir='ltr'>v„</span> <span class='ocrx_word' id='word_1_177' title='bbox 723 3119 834 3183; x_wconf 89' lang='grc' dir='ltr'><strong><em>πάντα</em></strong></span> <span class='ocrx_word' id='word_1_178' title='bbox 857 3116 994 3199; x_wconf 49' lang='lat' dir='ltr'>unroh:</span> <span class='ocrx_word' id='word_1_179' title='bbox 1032 3120 1067 3183; x_wconf 89' lang='grc' dir='ltr'>οί</span> <span class='ocrx_word' id='word_1_180' title='bbox 1085 3120 1148 3201; x_wconf 78' lang='grc' dir='ltr'>μὲν</span> <span class='ocrx_word' id='word_1_181' title='bbox 1164 3119 1375 3202; x_wconf 80' lang='grc' dir='ltr'><strong><em>Στησίχορόν</em></strong></span> <span class='ocrx_word' id='word_1_182' title='bbox 1390 3134 1495 3202; x_wconf 87' lang='grc' dir='ltr'><strong><em>φασιν</em></strong></span> 
     </span>
     <span class='ocr_line' id='line_1_26' title="bbox 355 3225 1495 3314; baseline -0.003 -18"><span class='ocrx_word' id='word_1_183' title='bbox 355 3231 393 3296; x_wconf 87' lang='grc' dir='ltr'>έν</span> <span class='ocrx_word' id='word_1_184' title='bbox 417 3230 555 3314; x_wconf 77' lang='grc' dir='ltr'><strong><em>Κατάνῃ</em></strong></span> <span class='ocrx_word' id='word_1_185' title='bbox 578 3232 725 3312; x_wconf 84' lang='grc' dir='ltr'><strong><em>ταφῆναι</em></strong></span> <span class='ocrx_word' id='word_1_186' title='bbox 748 3231 940 3304; x_wconf 79' lang='grc' dir='ltr'><strong><em>πολυτελῶς</em></strong></span> <span class='ocrx_word' id='word_1_187' title='bbox 961 3225 1044 3314; x_wconf 84' lang='grc' dir='ltr'><strong><em>πρὸς</em></strong></span> <span class='ocrx_word' id='word_1_188' title='bbox 1066 3238 1137 3304; x_wconf 73' lang='grc' dir='ltr'><strong><em>ταῖς</em></strong></span> <span class='ocrx_word' id='word_1_189' title='bbox 1158 3225 1216 3292; x_wconf 90' lang='grc' dir='ltr'><strong><em>ἀπ’</em></strong></span> <span class='ocrx_word' id='word_1_190' title='bbox 1243 3226 1349 3292; x_wconf 83' lang='grc' dir='ltr'><strong><em>αὐτοῦ</em></strong></span> <span class='ocrx_word' id='word_1_191' title='bbox 1371 3235 1495 3313; x_wconf 86' lang='grc' dir='ltr'><strong><em>Στησι-</em></strong></span> 
     </span>
     <span class='ocr_line' id='line_1_27' title="bbox 354 3335 1494 3425; baseline -0.003 -21"><span class='ocrx_word' id='word_1_192' title='bbox 354 3343 495 3425; x_wconf 84' lang='grc' dir='ltr'><strong><em>χορείοις</em></strong></span> <span class='ocrx_word' id='word_1_193' title='bbox 517 3340 639 3415; x_wconf 82' lang='grc' dir='ltr'><strong><em>πύλαις</em></strong></span> <span class='ocrx_word' id='word_1_194' title='bbox 667 3339 877 3422; x_wconf 73' lang='grc' dir='ltr'><strong><em>λεγομέναις,</em></strong></span> <span class='ocrx_word' id='word_1_195' title='bbox 906 3339 962 3404; x_wconf 78' lang='grc' dir='ltr'>καί</span> <span class='ocrx_word' id='word_1_196' title='bbox 984 3343 1045 3403; x_wconf 89' lang='grc' dir='ltr'><strong><em>τοῦ</em></strong></span> <span class='ocrx_word' id='word_1_197' title='bbox 1067 3341 1232 3423; x_wconf 80' lang='grc' dir='ltr'><strong><em>μνημείου</em></strong></span> <span class='ocrx_word' id='word_1_198' title='bbox 1254 3340 1388 3421; x_wconf 80' lang='grc' dir='ltr'><strong><em>ἔχοντος</em></strong></span> <span class='ocrx_word' id='word_1_199' title='bbox 1408 3335 1494 3402; x_wconf 82' lang='grc' dir='ltr'><strong><em>ὀκττδ</em></strong></span> 
     </span>
     <span class='ocr_line' id='line_1_28' title="bbox 355 3443 1496 3533; baseline -0.002 -20"><span class='ocrx_word' id='word_1_200' title='bbox 355 3453 471 3524; x_wconf 89' lang='grc' dir='ltr'><strong><em>κίονας</em></strong></span> <span class='ocrx_word' id='word_1_201' title='bbox 492 3450 548 3513; x_wconf 83' lang='grc' dir='ltr'>καί</span> <span class='ocrx_word' id='word_1_202' title='bbox 570 3447 656 3513; x_wconf 79' lang='grc' dir='ltr'><strong><em>ὀκτώ</em></strong></span> <span class='ocrx_word' id='word_1_203' title='bbox 679 3447 834 3533; x_wconf 75' lang='grc' dir='ltr'><strong><em>βαθμούς</em></strong></span> <span class='ocrx_word' id='word_1_204' title='bbox 856 3447 912 3513; x_wconf 82' lang='grc' dir='ltr'>καὶ</span> <span class='ocrx_word' id='word_1_205' title='bbox 934 3445 1020 3513; x_wconf 75' lang='grc' dir='ltr'><strong><em>ὀκτώ</em></strong></span> <span class='ocrx_word' id='word_1_206' title='bbox 1043 3451 1177 3531; x_wconf 84' lang='grc' dir='ltr'><strong><em>γωνίας.</em></strong></span> <span class='ocrx_word' id='word_1_207' title='bbox 1216 3452 1250 3512; x_wconf 90' lang='grc' dir='ltr'>οί</span> <span class='ocrx_word' id='word_1_208' title='bbox 1269 3447 1306 3512; x_wconf 78' lang='grc' dir='ltr'>δὲ</span> <span class='ocrx_word' id='word_1_209' title='bbox 1328 3443 1379 3513; x_wconf 85' lang='grc' dir='ltr'><strong><em>ὅτι</em></strong></span> <span class='ocrx_word' id='word_1_210' title='bbox 1398 3445 1496 3531; x_wconf 84' lang='grc' dir='ltr'>Ἀλή·</span> 
     </span>
     <span class='ocr_line' id='line_1_29' title="bbox 355 3555 1496 3643; baseline -0.001 -21"><span class='ocrx_word' id='word_1_211' title='bbox 355 3583 413 3642; x_wconf 90' lang='grc' dir='ltr'>της</span> <span class='ocrx_word' id='word_1_212' title='bbox 434 3556 518 3623; x_wconf 89' lang='grc' dir='ltr'>κατά</span> <span class='ocrx_word' id='word_1_213' title='bbox 540 3558 690 3642; x_wconf 86' lang='grc' dir='ltr'><strong><em>χρησμὸν</em></strong></span> <span class='ocrx_word' id='word_1_214' title='bbox 717 3559 795 3634; x_wconf 77' lang='grc' dir='ltr'><strong><em>τοὺς</em></strong></span> <span class='ocrx_word' id='word_1_215' title='bbox 816 3562 1024 3643; x_wconf 82' lang='grc' dir='ltr'><strong><em>Κορινθίους</em></strong></span> <span class='ocrx_word' id='word_1_216' title='bbox 1051 3560 1251 3637; x_wconf 68' lang='grc' dir='ltr'><strong><em>συνοικιζωυ</em></strong></span> <span class='ocrx_word' id='word_1_217' title='bbox 1277 3555 1363 3622; x_wconf 82' lang='grc' dir='ltr'><strong><em>ὀκττδ</em></strong></span> <span class='ocrx_word' id='word_1_218' title='bbox 1385 3555 1496 3642; x_wconf 85' lang='grc' dir='ltr'><strong><em>φυλάς</em></strong></span> 
     </span>
     <span class='ocr_line' id='line_1_30' title="bbox 356 3664 1494 3752; baseline -0.002 -19"><span class='ocrx_word' id='word_1_219' title='bbox 356 3669 493 3752; x_wconf 81' lang='grc' dir='ltr'><strong><em>ἐποίησε</em></strong></span> <span class='ocrx_word' id='word_1_220' title='bbox 525 3670 662 3743; x_wconf 85' lang='grc' dir='ltr'><strong><em>πολίτας</em></strong></span> <span class='ocrx_word' id='word_1_221' title='bbox 696 3670 752 3732; x_wconf 78' lang='grc' dir='ltr'>καί</span> <span class='ocrx_word' id='word_1_222' title='bbox 784 3664 950 3752; x_wconf 78' lang='grc' dir='ltr'><strong><em>ὀκταμερῆ</em></strong></span> <span class='ocrx_word' id='word_1_223' title='bbox 982 3666 1044 3752; x_wconf 82' lang='grc' dir='ltr'><strong><em>τὴν</em></strong></span> <span class='ocrx_word' id='word_1_224' title='bbox 1076 3668 1184 3732; x_wconf 88' lang='grc' dir='ltr'><strong><em>πόλιν,</em></strong></span> <span class='ocrx_word' id='word_1_225' title='bbox 1243 3669 1366 3733; x_wconf 85' lang='lat' dir='ltr'>Zenob.</span> <span class='ocrx_word' id='word_1_226' title='bbox 1396 3667 1426 3731; x_wconf 89' lang='lat' dir='ltr'>V</span> <span class='ocrx_word' id='word_1_227' title='bbox 1455 3669 1494 3732; x_wconf 76' lang='lat'>78</span> 
     </span>
     <span class='ocr_line' id='line_1_31' title="bbox 325 3761 1495 3868; baseline -0.001 -25"><span class='ocrx_word' id='word_1_228' title='bbox 325 3857 333 3868; x_wconf 36' lang='grc' dir='ltr'><em>Ι</em></span> <span class='ocrx_word' id='word_1_229' title='bbox 355 3780 464 3843; x_wconf 83' lang='grc' dir='ltr'><strong><em>πάντα</em></strong></span> <span class='ocrx_word' id='word_1_230' title='bbox 487 3774 585 3841; x_wconf 82' lang='grc' dir='ltr'><strong><em>ὀκτοί.</em></strong></span> <span class='ocrx_word' id='word_1_231' title='bbox 630 3773 807 3860; x_wconf 77' lang='grc' dir='ltr'><strong><em>Εὔανδρος</em></strong></span> <span class='ocrx_word' id='word_1_232' title='bbox 834 3780 897 3861; x_wconf 77' lang='grc' dir='ltr'>ἔφη</span> <span class='ocrx_word' id='word_1_233' title='bbox 921 3773 1006 3842; x_wconf 84' lang='grc' dir='ltr'><strong><em>ὀκτιδ</em></strong></span> <span class='ocrx_word' id='word_1_234' title='bbox 1035 3777 1114 3853; x_wconf 86' lang='grc' dir='ltr'><strong><em>τοὺς</em></strong></span> <span class='ocrx_word' id='word_1_235' title='bbox 1135 3778 1273 3842; x_wconf 89' lang='grc' dir='ltr'><strong><em>πάυτων</em></strong></span> <span class='ocrx_word' id='word_1_236' title='bbox 1301 3761 1387 3842; x_wconf 79' lang='grc' dir='ltr'><strong><em>εἶναι</em></strong></span> <span class='ocrx_word' id='word_1_237' title='bbox 1410 3802 1495 3860; x_wconf 89' lang='grc' dir='ltr'><strong><em>κρα-</em></strong></span> 
     </span>
     <span class='ocr_line' id='line_1_32' title="bbox 354 3884 1494 3973; baseline -0.001 -21"><span class='ocrx_word' id='word_1_238' title='bbox 354 3892 495 3965; x_wconf 84' lang='grc' dir='ltr'><strong><em>τοῦντας</em></strong></span> <span class='ocrx_word' id='word_1_239' title='bbox 517 3886 636 3970; x_wconf 75' lang='grc' dir='ltr'><strong><em>θεούς,</em></strong></span> <span class='ocrx_word' id='word_1_240' title='bbox 660 3890 743 3969; x_wconf 83' lang='grc' dir='ltr'><strong><em>πῦρ,</em></strong></span> <span class='ocrx_word' id='word_1_241' title='bbox 766 3884 876 3970; x_wconf 80' lang='grc' dir='ltr'><strong><em>ὕδωρ,</em></strong></span> <span class='ocrx_word' id='word_1_242' title='bbox 899 3889 979 3970; x_wconf 84' lang='grc' dir='ltr'><strong><em>γῆν,</em></strong></span> <span class='ocrx_word' id='word_1_243' title='bbox 1005 3886 1168 3970; x_wconf 78' lang='grc' dir='ltr'><strong><em>οὐρανόν,</em></strong></span> <span class='ocrx_word' id='word_1_244' title='bbox 1199 3888 1363 3973; x_wconf 81' lang='grc' dir='ltr'><strong><em>σελήνην,</em></strong></span> <span class='ocrx_word' id='word_1_245' title='bbox 1386 3886 1494 3971; x_wconf 81' lang='grc' dir='ltr'><strong><em>ἥλιον,</em></strong></span> 
     </span>
     <span class='ocr_line' id='line_1_33' title="bbox 356 3994 1580 4083; baseline -0.002 -21"><span class='ocrx_word' id='word_1_246' title='bbox 356 4002 517 4083; x_wconf 81' lang='grc' dir='ltr'><strong><em>Μίδραυ,</em></strong></span> <span class='ocrx_word' id='word_1_247' title='bbox 546 3997 699 4081; x_wconf 60' lang='grc' dir='ltr'><strong><em>νύκταῖ)</em></strong></span> <span class='ocrx_word' id='word_1_248' title='bbox 743 3995 840 4061; x_wconf 81' lang='grc' dir='ltr'><strong><em>ἄλλοι</em></strong></span> <span class='ocrx_word' id='word_1_249' title='bbox 870 3997 909 4060; x_wconf 91' lang='grc' dir='ltr'>δέ</span> <span class='ocrx_word' id='word_1_250' title='bbox 935 4015 1040 4080; x_wconf 81' lang='grc' dir='ltr'><strong><em>φασιν</em></strong></span> <span class='ocrx_word' id='word_1_251' title='bbox 1068 3995 1106 4061; x_wconf 86' lang='grc' dir='ltr'>έν</span> <span class='ocrx_word' id='word_1_252' title='bbox 1130 3994 1292 4082; x_wconf 80' lang='grc' dir='ltr'><strong><em>Ὀλυμπίᾳ</em></strong></span> <span class='ocrx_word' id='word_1_253' title='bbox 1318 3995 1358 4062; x_wconf 89' lang='grc' dir='ltr'><strong><em>τά</em></strong></span> <span class='ocrx_word' id='word_1_254' title='bbox 1386 3998 1495 4062; x_wconf 81' lang='grc' dir='ltr'><strong><em>πάντα</em></strong></span> <span class='ocrx_word' id='word_1_255' title='bbox 1572 4067 1580 4077; x_wconf 35' lang='lat' dir='ltr'><strong><em>f</em></strong></span> 
     </span>
     <span class='ocr_line' id='line_1_34' title="bbox 356 4093 1494 4191; baseline 0.001 -21"><span class='ocrx_word' id='word_1_256' title='bbox 356 4102 442 4172; x_wconf 81' lang='grc' dir='ltr'><strong><em>εἶναι</em></strong></span> <span class='ocrx_word' id='word_1_257' title='bbox 465 4105 680 4189; x_wconf 75' lang='grc' dir='ltr'><strong><em>ἀγωνίσματα</em></strong></span> <span class='ocrx_word' id='word_1_258' title='bbox 697 4093 802 4189; x_wconf 77' lang='grc' dir='ltr'><strong><em>ἀκταί,</em></strong></span> <span class='ocrx_word' id='word_1_259' title='bbox 826 4107 974 4190; x_wconf 87' lang='grc' dir='ltr'><strong><em>στάδιον,</em></strong></span> <span class='ocrx_word' id='word_1_260' title='bbox 992 4108 1139 4190; x_wconf 86' lang='grc' dir='ltr'><strong><em>δόλιχον,</em></strong></span> <span class='ocrx_word' id='word_1_261' title='bbox 1163 4109 1317 4190; x_wconf 91' lang='grc' dir='ltr'><strong><em>δίαυλον,</em></strong></span> <span class='ocrx_word' id='word_1_262' title='bbox 1341 4105 1494 4191; x_wconf 89' lang='grc' dir='ltr'><strong><em>ὁπλίτην,</em></strong></span> 
     </span>
    </p>
   </div>
   <div class='ocr_carea' id='block_1_7' title="bbox 357 4287 1496 4429">
    <p class='ocr_par' dir='ltr' id='par_1_7' title="bbox 357 4287 1496 4429">
     <span class='ocr_line' id='line_1_35' title="bbox 425 4287 1496 4364; baseline 0 -18"><span class='ocrx_word' id='word_1_263' title='bbox 425 4298 449 4356; x_wconf 75' lang='lat' dir='ltr'>ll</span> <span class='ocrx_word' id='word_1_264' title='bbox 469 4294 566 4346; x_wconf 83' lang='lat' dir='ltr'>Suidos</span> <span class='ocrx_word' id='word_1_265' title='bbox 584 4313 611 4349; x_wconf 85' lang='lat' dir='ltr'>v.</span> <span class='ocrx_word' id='word_1_266' title='bbox 627 4289 722 4347; x_wconf 69' lang='grc' dir='ltr'><strong><em>πάντα</em></strong></span> <span class='ocrx_word' id='word_1_267' title='bbox 740 4287 821 4348; x_wconf 81' lang='grc' dir='ltr'><strong><em>ὀκτώ.</em></strong></span> <span class='ocrx_word' id='word_1_268' title='bbox 879 4297 904 4361; x_wconf 78' lang='lat'>2)</span> <span class='ocrx_word' id='word_1_269' title='bbox 924 4297 1044 4347; x_wconf 72' lang='lat' dir='ltr'>Erranrlri</span> <span class='ocrx_word' id='word_1_270' title='bbox 1062 4312 1149 4360; x_wconf 83' lang='lat' dir='ltr'>nugae</span> <span class='ocrx_word' id='word_1_271' title='bbox 1167 4297 1254 4349; x_wconf 86' lang='lat' dir='ltr'>lusius</span> <span class='ocrx_word' id='word_1_272' title='bbox 1273 4299 1413 4364; x_wconf 84' lang='lat' dir='ltr'>expositae</span> <span class='ocrx_word' id='word_1_273' title='bbox 1432 4303 1496 4348; x_wconf 88' lang='lat' dir='ltr'>sunt</span> 
     </span>
     <span class='ocr_line' id='line_1_36' title="bbox 357 4364 814 4429; baseline -0.004 -12"><span class='ocrx_word' id='word_1_274' title='bbox 357 4364 497 4424; x_wconf 81' lang='lat' dir='ltr'>aTlreone</span> <span class='ocrx_word' id='word_1_275' title='bbox 516 4364 569 4417; x_wconf 79' lang='lat' dir='ltr'>Sm,</span> <span class='ocrx_word' id='word_1_276' title='bbox 588 4380 613 4428; x_wconf 84' lang='lat' dir='ltr'>p,</span> <span class='ocrx_word' id='word_1_277' title='bbox 634 4365 682 4414; x_wconf 71' lang='lat' dir='ltr'>lot</span> <span class='ocrx_word' id='word_1_278' title='bbox 694 4365 814 4429; x_wconf 77' lang='lat' dir='ltr'>sq.ltnll.</span> 
     </span>
    </p>
   </div>
   <div class='ocr_carea' id='block_1_8' title="bbox 0 0 1690 5076">
    <p class='ocr_par' dir='ltr' id='par_1_8' title="bbox 0 0 1690 5076">
     <span class='ocr_line' id='line_1_37' title="bbox 0 0 1690 5076; baseline 0 0"><span class='ocrx_word' id='word_1_279' title='bbox 0 0 1690 5076; x_wconf 95' lang='lat' dir='ltr'> </span> 
     </span>
    </p>
   </div>
  </div>
 </body>
</html>
