3354 5076
309 339 330 404 2
493 339 631 398 'vsssssvs
652 339 946 397 υαΑυοευΗΕΝιοΙ
965 339 1028 408 ονε
1048 339 1259 396 εννεαεναυ

395 507 497 595 ἀγρης
518 523 642 596 μοῖραν
664 516 812 594 ἔλειπον,
836 517 883 578 ἔτι
905 512 1049 593 ζώοντας
1071 511 1209 586 ἰούλους

393 618 433 703 ήὲ
454 625 623 710 ηενειήτιν
644 626 786 707 τρίγλην
806 622 828 707 ή
850 623 1002 706 περκάδα
1024 625 1144 705 κίχλην

393 728 416 814 ή
439 732 583 816 δρομίην
605 732 764 816 χρύσειον
787 729 838 798 ἐπ’
863 728 1011 816 ὀφρύσιν
1034 729 1127 815 ίερδν
1148 731 1252 815 ἰχθύν

1422 965 1452 1011 15

396 1057 483 1125 ὀκτεδ
508 1057 538 1124 δ’
564 1060 603 1126 ἐν
625 1065 790 1146 σφαίρῃσι
812 1063 990 1126 κυλίνδετο
1013 1061 1128 1148 κύκλῳ
1150 1060 1245 1126 ίύντα

285 1238 290 1252 ,
393 1167 487 1234 ταῦτ’
512 1171 636 1255 ἐνάτην
657 1171 735 1255 περὶ
757 1183 858 1255 γαῖαν

395 1387 502 1475 αύτήν
524 1391 587 1474 μέν
608 1415 668 1476 μιν
690 1393 803 1475 ἔτετμε
825 1392 971 1476 μεσήρεα
994 1389 1119 1468 παντὸς
1137 1389 1308 1477 Ὀλύμπου

299 1502 302 1510 ’
395 1500 539 1584 κέντρον
561 1503 615 1566 ἔπι
638 1505 797 1585 σφαίρης·
823 1499 878 1565 διὰ
900 1499 932 1565 δ’
956 1500 1074 1579 ἀξονος
1094 1499 1286 1586 ἠρήρειστο.

393 1611 492 1675 πέντε
515 1613 555 1676 δέ
574 1612 609 1674 οί
628 1615 728 1689 ζῶναι
750 1612 959 1695 περιειλάδες
981 1611 1196 1696 ἐσπείρηντο,
1418 1626 1452 1674 20

392 1722 431 1784 αι’
450 1715 514 1785 δύο
536 1721 599 1804 μὲν
620 1726 783 1804 γλαυκοῖο
805 1717 1037 1807 κελαινότεραι
1059 1723 1217 1805 κυάνοιο,

391 1830 412 1915 ἡ
436 1833 474 1894 δὲ
496 1834 555 1915 μία
577 1831 719 1916 ψαφαρή
741 1855 776 1896 τε
799 1829 855 1894 καί
878 1830 916 1895 ἐκ
939 1829 1047 1916 πυρδς
1069 1823 1144 1895 οἷον
1167 1831 1315 1917 ἐρυθρή·

391 1939 412 2024 ἡ
435 1941 499 2023 μὲν
520 1943 580 2024 ἔην
601 1936 744 2025 μεσάτη,
768 1942 928 2006 ἐκέκαυτο
952 1941 988 2005 δὲ
1012 1944 1102 2004 πάσα
1124 1942 1201 2024 περὶ
1223 1938 1290 2023 πρὸ

390 2037 582 2135 1τυπτομένη
605 2055 819 2136 φλογμοίσιν,
845 2052 917 2116 ἐπεὶ
941 2049 983 2135 ῥά
1004 2050 1021 2114 ἑ
1040 2062 1166 2136 μαῐραν
1189 2048 1248 2115 ὑπ’
1270 2047 1378 2134 αύτήν

393 2161 594 2244 ιπκλιμένην
615 2159 747 2236 ἀκτῖνες
769 2159 939 2246 ἀειθερέες
960 2159 1148 2244 πυρόωσιν·
1419 2175 1452 2222 25

393 2271 432 2333 αλ
450 2270 488 2335 δὲ
511 2271 582 2334 δύω
605 2269 766 2353 ἑκάτερθε
788 2270 905 2345 πόλοις
927 2280 1187 2354 περιπεπτηνϊαι

393 2379 458 2443 αίελ
481 2374 675 2465 φρικαλέαι,
699 2380 764 2443 αίεὶ
787 2378 819 2443 δ’
842 2375 942 2444 ύδατι
964 2376 1163 2463 μογίονσαι·

394 2488 435 2554 ού
450 2489 512 2573 μὲν
526 2487 634 2572 ὕδωρ,
655 2487 730 2553 ἀλλ’
754 2486 854 2563 αύτός
870 2486 928 2552 ἀπ’
952 2485 1146 2574 οὐρανόθεν
1161 2487 1369 2573 κρύσταλλος

393 2611 448 2664 κεῖ
465 2609 567 2682 γαῖαν
589 2599 792 2682 κρύπτεσκε·
817 2601 1022 2681 περίψυκτος
1043 2598 1081 2662 δὲ
1102 2599 1267 2664 τέτυκται.

393 2707 477 2773 ἀλλά
499 2706 539 2773 τά
560 2709 623 2791 μὲν
646 2709 785 2792 χερσαῖά
807 2706 837 2773 τ’
861 2706 1031 2793 ἀνέμβατά
1053 2705 1084 2771 τ’
1109 2706 1338 2792 ἀνθρώποισι·
1372 2743 1374 2748 ·
1419 2725 1453 2772 30

394 2819 483 2884 δοιαὶ
506 2813 537 2882 δ’
562 2815 659 2887 ἀλλαι
683 2821 778 2884 ἔασιν
801 2819 952 2884 ἐναντίαι
974 2814 1153 2903 ἀλλήλῃσι,

392 2925 562 3012 μεσσηγύς
583 2928 702 3011 θέρεός
724 2953 760 2993 τε
783 2929 838 2992 καὶ
860 2925 975 2993 ύετίου
998 2929 1228 3012 κρυστάλλου,

393 3035 494 3120 ἀμφω
518 3033 679 3121 ε’ύκρητοί
697 3061 733 3101 τε
755 3039 811 3102 καί
834 3035 978 3122 ὄμπνιον
1000 3036 1232 3122 ἀλδήσκουσαι

393 3143 525 3230 καρπόν
543 3144 748 3230 Ἐλευσινίης
770 3147 980 3230 Δημήτερος
1005 3147 1043 3212 ἐν
1066 3149 1105 3212 δέ
1124 3172 1183 3233 μιν
1205 3146 1327 3232 ἀνδρες

393 3248 571 3333 ἀντίποδες
592 3259 728 3322 ναίουσι
1418 3273 1451 3320 35

538 3544 541 3550 .
635 3497 848 3548 ΔΝΤΕΡΙΝΤΣ
867 3499 904 3562 (Η
921 3497 1122 3564 (ΗΣΙΟΔΟΣῬ)

359 3650 390 3698 *’
936 3656 1033 3719 ἔντε’
1053 3655 1090 3719 ολ
1108 3651 1186 3720 ὄσσε

395 3767 536 3829 κανθῶν
558 3768 791 3847 παμφαίνεσκε
815 3768 1016 3850 Μοσυχλαίη
1040 3765 1142 3847 φλογί
1164 3759 1239 3829 ἴσον

380 3991 424 4037 12ι
443 3990 512 4051 p.31
568 3990 700 4052 152p.51
742 3991 785 4038 ,17
804 3980 887 4038 ταῦτ’
906 3988 1114 4051 add.Bergkius
1168 3991 1212 4038 18:
1230 4006 1255 4053 p.
1270 3991 1302 4041 53
1355 3993 1387 4040 19
1406 3984 1452 4040 ἔπι

309 4055 475 4105 Brunckius:
494 4045 584 4106 ἀπὸί.
637 4055 774 4122 σφαίρης;
794 4055 919 4120 σφαίρας
931 4055 948 4104 l.
1001 4058 1046 4106 20:
1066 4072 1092 4119 p.
1107 4057 1140 4105 56
1192 4060 1225 4107 ‘23
1241 4056 1306 4120 περὶ
1320 4054 1373 4125 πρὸ
1387 4056 1459 4105 Sca-¹

309 4123 391 4186 liger:
411 4137 475 4189 περι
488 4122 507 4171 l.
561 4124 594 4173 28
612 4118 666 4187 μὲν
680 4123 813 4187 Scaliger:
832 4119 890 4189 μὴν
908 4122 926 4172 l.
982 4125 1015 4172 29
1034 4127 1081 4173 κεῖ
1096 4125 1184 4189 ηαΐαν
1204 4123 1337 4208 Scaliger:
1358 4127 1451 4174 κεῖται

309 4185 347 4240 ἀν
365 4190 382 4240 l.
454 4182 609 4257 κρύπτεσκε
626 4191 742 4257 exempli
760 4207 844 4242 causa
862 4191 973 4256 scripsi:
993 4186 1100 4256 απὲσχε
1117 4190 1136 4240 l.
1206 4195 1239 4243 30
1257 4211 1272 4242 τ
1303 4184 1453 4255 ἀνέμβατά

310 4298 355 4356 τέ
373 4306 422 4357 καλ
442 4283 580 4372 ἀνεωβαά’
591 4314 618 4358 et
631 4305 681 4358 καλ
694 4300 809 4373 άμβατα
821 4309 838 4359 l.
885 4311 916 4358 31
931 4300 1068 4376 ἀλλήλῃσι
1079 4307 1212 4371 Scaliger:
1227 4298 1376 4371 ἀλλήλαισι
1389 4307 1406 4356 l.

309 4378 342 4426 33
361 4365 556 4441 ἀλδήσκουσαι
568 4376 698 4426 Vrsinus:
717 4369 916 4442 αύδήσκουσαι
927 4376 945 4424 l.
993 4379 1039 4426 36:
1054 4393 1080 4440 p.
1098 4378 1131 4424 86
1184 4371 1215 4426 ἔκ
1227 4369 1259 4424 τέ
1272 4369 1312 4424 os:
1333 4364 1366 4426 εὖ
1378 4392 1422 4426 τοι
1435 4378 1452 4430 Ι,
