3324 5074
676 303 879 359 lnrnnmrs
1307 306 1347 370 81
1374 290 1379 305 '

207 475 453 541 interfectorum
487 475 534 560 (p.
557 474 628 556 22):
666 474 722 536 sed
753 496 884 559 prorsus
914 497 955 538 ex
983 496 1068 539 vano
1097 477 1226 557 statuit,
1261 477 1350 563 apud

208 587 471 653 Choeroboscum
501 605 542 648 ex
564 582 780 658 Eratosthene
807 606 871 647 non
899 585 992 648 citari
1021 605 1132 648 vocem
1161 583 1267 665 γάνυξ
1290 586 1350 650 sed

207 719 279 761 earn
302 718 385 782 quae
408 693 485 758 inde
507 692 607 757 ducta
626 693 669 759 sit
685 695 879 776 Γανύκτωρ.
917 693 1035 778 Itaque
1050 694 1189 758 coniecit
1202 717 1261 781 pro
1275 718 1349 759 ver-

206 807 257 872 bis
286 801 514 886 ὁΓανύκτωρ
540 802 748 867 scribendum
771 824 843 866 esse
865 799 949 866 ὅθεν
977 801 1162 885 Γανύκτωρ
1190 803 1350 871 νολὸδεν

207 913 264 978 καὶ
286 915 478 995 Γανύκτωρ.
515 912 580 977 Sed
602 912 683 976 nihil
704 912 897 977 mutandum
920 922 1049 998 praeter
1070 933 1167 977 unam
1186 913 1275 978 illam
1298 915 1348 980 lit-

207 1034 322 1089 teram.
367 1021 552 1106 Γανύκτωρ
569 1022 702 1087 ,usitata
729 1021 869 1085 nominis
897 1021 1003 1087 forma
1031 1032 1115 1087 erat:
1149 1045 1181 1088 v.
1212 1026 1347 1092 Aristot.

207 1134 295 1222 apud
323 1135 437 1198 Ezetz.
468 1131 509 1196 de
537 1132 606 1196 vita
638 1130 718 1194 Hes.
741 1132 770 1195 3.
807 1129 892 1196 Plut.
921 1130 962 1193 de
985 1130 1056 1195 soll.
1084 1133 1182 1196 anim.
1216 1159 1247 1222 p.
1277 1138 1348 1202 969.

208 1244 305 1309 Paus.
328 1243 382 1307 IX
403 1244 455 1326 31,
479 1243 509 1306 6.
544 1241 631 1305 Cart.
656 1242 753 1305 Hom.
778 1240 904 1304 etHes.
925 1240 973 1303 13.
1004 1239 1118 1306 Tzetz.
1135 1241 1155 1310 l.
1173 1265 1199 1310 c.
1215 1246 1246 1308 4.
1284 1247 1349 1313 Ita-

208 1375 270 1439 que
293 1362 545 1416 consentaneum
568 1360 618 1415 est
640 1350 683 1413 ad
699 1348 976 1434 interpretandam
998 1351 1189 1415 rariorem
1211 1355 1349 1420 formam

208 1462 356 1528 adhiberi
378 1461 461 1525 hane
484 1459 629 1523 alteram.
1371 1537 1372 1542 ἵ

293 1571 347 1636 Ex
369 1593 407 1635 eo
428 1579 536 1634 autem
559 1568 646 1655 quod
670 1566 902 1632 Eratosthenes
926 1567 1096 1654 Ganycem
1118 1571 1232 1638 maluit
1254 1599 1349 1662 quam

207 1681 336 1765 vulgari
358 1681 499 1745 nominis
522 1680 626 1743 forma
648 1677 869 1775 Ganyctorem
892 1677 1018 1761 dicere,
1041 1702 1161 1764 magna
1183 1704 1255 1748 cum
1277 1709 1349 1772 pro·

208 1790 563 1876 habilitate'Bergkius
591 1788 738 1872 collegit,
768 1786 907 1851 Hesiodi
934 1810 1141 1873 percussores
1169 1795 1211 1858 ab
1235 1795 1348 1861 Erato-

208 1903 322 1967 sthene
338 1903 371 1965 in
387 1900 560 1964 carmine
575 1898 683 1983 aliquo
699 1897 803 1960 fnisse
818 1908 1086 1964 commemoratos
1105 1903 1202 1981 (anal.
1219 1905 1315 1968 Alex.
1332 1907 1349 1969 Ι

208 2037 238 2099 p.
264 2013 342 2098 οι).-
372 2011 430 2094 es,
449 2034 480 2096 p.
502 2009 553 2073 aa.

736 2227 824 2292 XXI

293 2360 415 2423 Exstat
436 2365 545 2441 autem
568 2355 608 2419 de
632 2365 734 2419 morte
756 2353 894 2419 Hesiodi
916 2356 995 2418 haec
1016 2359 1160 2424 narratio
1183 2361 1217 2422 in
1239 2360 1349 2427 libello

210 2469 251 2534 de
272 2467 408 2533 Homeri
431 2477 463 2532 et
485 2466 624 2532 Hesiodi
647 2465 822 2529 certamine
845 2465 891 2549 (p.
917 2466 954 2528 17
971 2487 1041 2550 sqq.
1072 2465 1279 2554 Nietzsche):

293 2581 355 2642 τού
381 2575 413 2641 δ’
442 2575 571 2659 ἀγῶνος
603 2577 824 2649 διαλυθέντος
851 2574 1050 2638 διέπλευσεν
1082 2572 1277 2655 ὁἩσίοδος
1304 2583 1350 2656 είς

142 2669 145 2677 ¹
208 2685 366 2771 Δελφούς
388 2687 594 2771 χρησόμενος
615 2683 672 2749 καὶ
693 2689 751 2768 τῆς
772 2687 869 2766 νίκης
890 2680 1042 2765 ἀπαρχάς
1063 2686 1110 2768 τῷ
1124 2690 1194 2770 θεῷ
1217 2685 1349 2773 ἀναδη-

210 2817 291 2864 συν.
342 2796 613 2881 προσερχομένου
642 2790 674 2857 δ’
703 2791 809 2857 αὐτοῦ
842 2795 889 2877 τῷ
915 2794 986 2875 ναῷ
1014 2793 1137 2858 ἔνθεον
1163 2798 1349 2882 γενομένην

208 2906 272 2990 την
294 2909 463 2991 προφῆτιν
485 2921 591 2988 φασιν
613 2903 736 2967 εἰπεῖν·

294 3047 406 3132 ὄλβιος
427 3038 525 3122 οὗτος
546 3043 648 3129 ἀνήρ,
672 3042 708 3121 δς
731 3043 813 3128 έμδν
835 3044 941 3128 δόμον
963 3043 1204 3128 ἀμφιπολεύει,

289 3159 441 3233 Ἡσίοδος
464 3156 623 3240 Μούσῃσι
644 3155 811 3239 τετιμένος
832 3151 1036 3238 ἀθανάτησι·
1141 3131 1144 3140 ,

293 3272 354 3333 τού
376 3265 408 3331 δ’
431 3265 505 3351 ἤτοι
528 3266 624 3340 κλέος
645 3268 736 3330 ἔσται
760 3263 841 3327 ὅσον
862 3262 891 3326 τ’
918 3264 1129 3328 ἐπικίδναται
1151 3261 1227 3347 ἠύς.

293 3377 378 3442 ἀλλά
401 3373 483 3452 Διὸς
504 3375 677 3458 πεφύλαξο
700 3377 848 3456 Νεμείου
871 3375 1037 3456 κάλλιμον
1058 3355 1174 3449 ἄλσος·

294 3495 384 3552 κείθι
406 3487 446 3551 δέ
465 3509 515 3551 τοι
537 3487 701 3548 θανάτοιο
724 3484 818 3558 τέλος
838 3483 1059 3565 πεπρωμένον
1082 3482 1183 3548 ἐστίν.

210 3637 228 3705 ὁ
250 3639 281 3705 δ’
299 3638 452 3716 Ἡσίοδος
473 3636 623 3712 ἀκούσας
650 3637 710 3699 τοῦ
738 3637 888 3718 χρησμοῦ
910 3637 968 3716 τῆς
994 3634 1258 3717 Πελοποννήσου
1286 3637 1349 3719 μὲν
1417 3623 1420 3628 ’

209 3750 371 3835 ἀνεχοίρει
399 3752 537 3834 νομίσας
564 3745 626 3830 τὴν
655 3744 727 3809 ἐκεῖ
747 3744 882 3826 Νεμέαν
904 3740 964 3806 τδν
984 3742 1069 3807 θεὸν
1092 3745 1218 3826 λέγειν,
1248 3745 1294 3819 είς
1316 3743 1348 3808 δ’

212 3861 341 3943 Οἰνόην
367 3865 425 3942 της
447 3857 612 3940 Λοκρίδος
642 3851 756 3918 ἐλθών
777 3848 934 3917 καταλύει
963 3849 1043 3934 παρ’
1065 3850 1266 3934 Ἀμφιφάνει
1293 3855 1350 3936 καὶ

210 3963 410 4053 Γανύκτορι,
425 3978 495 4043 τοῖς
510 3965 647 4048 Φηγέως
661 3965 789 4040 παισίν,
813 3960 980 4045 ἀγνοήσας
994 3957 1032 4024 τὸ
1046 3971 1213 4043 μαντεῖον.
1252 3959 1270 4024 ὁ
1285 3961 1349 4045 γάρ

210 4081 311 4154 τόπος
333 4069 432 4152 οὗτος
453 4075 540 4151 ἅπας
563 4074 713 4138 έκαλεῑτο
736 4072 819 4148 Διὸς
847 4075 996 4154 Νεμείου
1028 4069 1131 4154 λερόν.
1177 4071 1351 4154 διατριβῆς

211 4188 242 4253 δ’
266 4185 357 4274 αὐτῷ
379 4190 534 4260 πλείονος
561 4185 744 4268 γενομένης
772 4182 810 4246 έν
836 4192 905 4254 τοῖς
929 4179 1078 4242 Οίνοῐσιν
1105 4179 1350 4268 (Οίνεωνεῦσιν

211 4321 271 4364 em.
288 4299 451 4386 Sauppius
467 4305 549 4360 orat.
564 4295 634 4358 Att.
653 4295 685 4359 ll
702 4317 733 4380 p.
752 4293 827 4373 155)
851 4288 1102 4372 ὑπονοήσαντες
1123 4288 1158 4350 ot
1176 4293 1349 4356 νεανίσκοι

260 4408 418 4452 Eratosthenes.
1132 4393 1147 4444 (i
1186 4409 1188 4414 '
