3324 5074
320 349 379 413 106
805 349 968 402 asmona
1003 352 1011 372 ·

402 515 1326 588 ΘΙΚὸΡΙ0ΙῘΟΘΙΠΡωῙΛΠΕΡΚΤΡΛΓΟΝΟΡΧΗΕΛΝΤΟ
1353 513 1460 578 codex

316 626 633 713 Montepessulanus.
911 689 914 698 ,
1480 615 1485 620 ’

401 733 1327 828 ΕΙΚΛΡΙΟΙῙΟΘΙΠΡωΙᾏΠΘΡΙ(ῙΡΛΤΟΝΟΡΧΗΕΛΝῘΟ
1354 732 1459 799 codex

317 848 391 917 Vat.
411 847 529 932 Regin.
558 846 647 912 1260.
1469 873 1472 877 -

400 952 1217 1028 θΙΚὸΡΙΟΠΟΘΙΠΡωΤὰΤΙΡΛῘΟΝΟΡΧΗΕὸΝΤΟ
1229 953 1302 1020 cod.
1313 952 1459 1019 Bruxell.

401 1063 1259 1132 ΚΛΡΙΟΠωΕΙΠΡωθΛΠΕΕῙΡΛΤΟΝΟΡΧΗΕΛΝῘΟ
1274 1064 1350 1129 Par.
1363 1063 1457 1128 8663.

399 1192 439 1256 In
462 1189 662 1257 editionibus
686 1211 799 1254 versus
821 1188 1009 1254 foedissime
1031 1192 1077 1255 ita
1099 1190 1335 1257 exhibebatur:
1359 1187 1457 1255 Ἰτα-

315 1305 409 1383 ρίου
430 1300 527 1366 τιοσὶ
550 1303 666 1383 πρῶτον
687 1298 764 1383 περὶ
779 1299 905 1383 τράγον
921 1295 1129 1384 ὠρχήσαντο,
1151 1302 1185 1364 in
1208 1323 1273 1386 qua
1294 1303 1459 1388 scriptura

314 1410 512 1498 explicanda
533 1409 598 1473 viri
621 1408 711 1475 docti
731 1408 853 1474 frustra
869 1408 1085 1478 desudabant.
1122 1409 1217 1475 Nunc
1240 1420 1386 1497 apparet,
1408 1433 1457 1476 so-

314 1521 454 1586 cundum
478 1541 592 1586 versus
615 1516 810 1584 vocabulum
832 1520 910 1583 τόθι
933 1541 1015 1583 esse.
1058 1520 1205 1584 Primum
1232 1520 1267 1584 in
1289 1496 1457 1586 codicibus

313 1633 360 1696 ita
389 1639 611 1717 comparatum
639 1637 705 1710 est,
739 1637 775 1692 ut
803 1626 929 1714 aliquid
961 1628 1132 1699 admittere
1167 1621 1381 1695 dubitationis
1409 1633 1456 1695 vi-

314 1740 439 1805 deatur.
472 1739 597 1803 Icariae
613 1736 743 1824 quidem
766 1739 851 1824 pagi·
865 1740 1061 1804 mentionem
1076 1737 1148 1802 fieri
1170 1741 1332 1804 neminem
1355 1740 1456 1825 fugit:

313 1850 371 1915 sed
395 1845 627 1936 quaerendum,
650 1855 767 1930 utrum¹
777 1845 1010 1913 Eratosthenes
1031 1850 1136 1913 forma
1154 1845 1181 1912 Ἰ
1185 1846 1234 1913 κά
1241 1870 1324 1930 ρτοι
1346 1850 1457 1936 (quam

314 1961 492 2024 Bursianus
516 1981 552 2023 se
567 1978 625 2045 pro
640 1957 783 2041 genuina
797 1955 920 2022 habere
942 1958 1051 2022 adme
1067 1959 1195 2040 scribit)
1218 1958 1262 2022 ad
1276 1960 1353 2044 pagi
1368 1961 1456 2023 inco·

313 2071 363 2134 las
386 2067 605 2154 designandos
628 2088 706 2129 usus
730 2066 773 2130 sit
796 2089 836 2131 an
855 2064 1026 2152 Ἰκαριοϊ
1044 2070 1204 2154 posuerit:
1229 2069 1271 2131 cf.
1289 2067 1401 2154 Steph.
1423 2092 1455 2132 v.

308 2177 451 2261 Ἰκαρίαι
482 2173 522 2242 τοὶ
545 2172 666 2240 τοττικά
684 2171 874 2260 Ἰκνριόθεν
892 2175 1051 2261 'inspicis
1075 2174 1250 2260 Ἰκαριοῐ.
1292 2176 1375 2242 Mihi
1395 2177 1457 2242 boc

314 2289 452 2353 alterum
467 2288 538 2352 veri
554 2286 691 2350 similius
709 2285 864 2350 videtur:
877 2308 952 2351 nam
967 2289 1073 2353 forma
1091 2283 1226 2370 Ἰκάριον
1244 2296 1401 2373 usurpata
1415 2287 1457 2352 de

313 2398 438 2463 Icariae
459 2397 537 2482 pagi
558 2394 673 2460 incolis
695 2394 826 2460 insolita
845 2397 940 2482 est¹)‚
963 2407 995 2462 et
1017 2397 1152 2462 haberet
1173 2396 1298 2482 aliquid
1321 2397 1405 2479 miri,
1429 2399 1457 2462 si

313 2516 410 2594 poeta
443 2508 478 2570 in
510 2526 576 2568 una
610 2503 786 2589 eademque
821 2508 1006 2572 narratione
1039 2509 1115 2593 pagi
1148 2507 1270 2573 incolas
1303 2509 1455 2572 Icarios

311 2637 476 2702 unumque
499 2636 542 2679 ex
563 2614 604 2677 iis
628 2614 800 2678 Icarium
822 2626 965 2681 vocaret.
1002 2617 1150 2682 Tertium
1166 2618 1347 2682 sententiae
1365 2640 1456 2682 meae

313 2734 538 2811 argumentum
562 2746 638 2788 mox
659 2726 927 2820 commemorabo.
972 2726 1034 2790 Est
1054 2736 1163 2791 autem
1177 2727 1258 2791 haec
1272 2726 1456 2793 differentia

312 2835 400 2900 haud
421 2837 515 2921 parvi
538 2833 707 2899 momenti:
730 2856 806 2898 nam
828 2835 906 2900 τόθι
924 2837 1117 2902 adverbium
1133 2838 1160 2902 si
1177 2833 1313 2919 Ἰκάριον
1329 2836 1456 2923 legatur

313 2945 354 3008 de
375 2945 483 3031 aliquo
511 2943 581 3008 loco
604 2952 699 3007 antea
721 2942 906 3028 designato,
931 2946 959 3010 si
975 2941 1129 3029 Ἰκαριοϊ,
1157 2945 1293 3011 relative
1315 2948 1355 3012 de
1383 2948 1456 3033 ipsa

314 3055 419 3132 Icaria
442 3053 564 3118 dictum
587 3073 658 3116 esse
674 3063 820 3139 apparet.
842 3092 883 3103 -
905 3054 1177 3142 Insequentibus
1199 3073 1220 3120 σ
1242 3055 1353 3122 littera
1366 3057 1455 3122 haud

313 3164 411 3229 dubie
434 3185 532 3227 causa
552 3162 626 3242 fuit,
648 3172 684 3226 ut
706 3184 727 3244 ν
749 3162 868 3246 littera,
891 3185 974 3249 quae
997 3167 1097 3230 estin
1118 3188 1198 3231 voce
1220 3165 1356 3249 τράγον,
1380 3167 1414 3231 in
1436 3190 1454 3232 τ

313 3282 503 3339 mutaretur.
536 3273 714 3338 Possumus
730 3270 787 3336 illa
802 3272 910 3338 deleta
925 3271 1018 3358 περὶ
1041 3275 1194 3359 τράγον
1216 3270 1454 3359 ω’ρχήσᾶντο

312 3384 454 3449 scribere
487 3385 547 3464 (ita
572 3384 637 3481 iarn
667 3383 761 3448 Soter
787 3381 891 3448 verba
919 3385 1095 3470 conexio:
1133 3386 1176 3450 cf.
1205 3385 1332 3449 Gallim.
1359 3386 1391 3450 h.
1419 3389 1454 3450 in

313 3493 452 3557 Dianam
475 3492 538 3556 240
719 3495 729 3504 “

397 3631 495 3699 αὐτοὶ
516 3633 562 3718 d’,
588 3626 679 3700 Οὗπτ
700 3633 845 3718 ἄνασσα,
869 3637 962 3721 περὶ
984 3638 1111 3718 apuam
1133 3634 1376 3722 ὠρχήσαντο

397 3748 536 3826 πρώτα
557 3745 620 3829 μὲν
642 3749 711 3810 κτλ.
817 3803 822 3812 .
1343 3751 1347 3759 ’

312 3889 343 3954 b.
367 3891 401 3954 in
423 3889 536 3956 Iovem
557 3889 599 3954 52

397 4021 482 4097 οὖλα
504 4033 542 4100 δὲ
564 4029 736 4119 Κούρητές
757 4050 795 4100 σε
817 4036 910 4120 ττέρι
933 4035 1060 4118 τρύλιν
1083 4031 1336 4123 οἰρχήσ-αιντο.

381 4308 406 4371 1)
431 4310 599 4374 Quamquam
622 4309 786 4361 Leutschius
810 4309 958 4375 Phrynichi
981 4309 1098 4362 fabulam
1120 4311 1160 4361 ita
1188 4311 1345 4376 inscriptam
1368 4311 1454 4362 fuisse

313 4377 428 4429 coniecit
445 4375 542 4428 Philol.
562 4376 628 4427 XIV
645 4394 671 4443 p.
690 4379 747 4430 188.
