3354 5076
711 297 922 390 ucacvuris
1346 318 1389 384 43

246 487 370 574 sunt.¹)
413 488 571 554 Attamen
596 509 664 552 rem
694 489 729 552 in
756 485 864 554 medio
886 485 1043 573 relinquo.
1088 483 1128 550 Id
1156 494 1390 572 vero-propter

246 598 384 664 Adrasti
410 595 517 662 locum
543 619 603 683 pro
626 596 794 682 explorato
821 596 1018 683 putandum,
1047 594 1298 676 Eratosthenem
1326 618 1391 661 non

245 712 282 772 in
304 729 414 772 eorum
435 729 570 772 numero
586 706 695 790 ,fuisse
718 707 775 794 qui
793 707 967 788 Mercurio,
991 726 1030 772 ea
1052 704 1204 770 nimirum
1226 706 1267 771 de
1289 727 1391 772 causa

246 819 326 905 quia
362 817 515 902 σύστημα
550 817 774 902 τετράχορδον
810 817 955 883 omnium
992 817 1252 883 vetustissimum
1288 816 1390 882 fuisse

246 927 512 1010 existimabatur,
546 927 775 994 tetrachordon
806 927 1027 1012 adsignarent.
1037 927 1064 1009 ²)
1117 925 1186 992 Alii
1216 926 1315 993 etiam
1347 925 1389 990 de

246 1039 346 1104 trium
367 1037 482 1104 fidium
502 1037 576 1124 lyra
601 1060 620 1104 a
641 1037 805 1104 Mercurio
833 1037 967 1102 inventa
992 1036 1250 1104 fabulabantum.
1265 1034 1389 1100 Diodo-

246 1131 314 1214 rus
327 1147 413 1212 enim
433 1146 545 1230 refert,
567 1145 766 1212 Mercurium
788 1168 830 1212 ex
846 1147 1086 1234 Aegyptiorum
1108 1133 1258 1232 opinione
1280 1145 1390 1230 λύραν

247 1281 285 1325 τε
307 1259 469 1340 νευρίνην
491 1259 628 1340 ποιῆσαι
655 1257 851 1341 τρίχορδον,
878 1257 1109 1340 μιμησάμενον
1136 1253 1194 1333 τὰς
1221 1253 1295 1321 κατ’
1319 1255 1390 1322 ένι-

248 1364 355 1432 αυτὸν
376 1363 481 1451 ὥρας·
507 1375 597 1451 τρεῖς
617 1362 682 1449 γὰρ
705 1360 810 1430 αὐτὸν
824 1362 1083 1449 ὑποστήσασθαι
1098 1365 1285 1449 φθόγγους,
1309 1361 1391 1441 ὀξὺν

249 1478 306 1544 καὶ
327 1473 439 1561 βαρὺν
461 1477 518 1542 ναὶ
540 1476 660 1559 μέσον,
689 1471 770 1552 ὀξύν
792 1475 855 1558 μέν
877 1472 942 1540 ἀπὸ
971 1479 1032 1540 τοῦ
1054 1475 1197 1559 θέρους,
1219 1469 1330 1557 βαρύν
1353 1473 1390 1538 δὲ

248 1584 399 1652 ἀπὸτοῦ
421 1589 593 1670 χειμῶνος,
616 1584 719 1670 μέσον
740 1585 778 1650 δὲ
801 1583 866 1650 αἰτό
889 1589 951 1650 τοῦ
974 1587 1071 1669 έαρος
1095 1584 1126 1666 (Ι
1150 1584 1215 1670 16).

334 1697 424 1782 Lyra
445 1697 579 1762 inventa
606 1718 648 1760 ex
675 1697 828 1760 carminis
850 1697 956 1762 nostri
982 1695 1189 1763 institutione
1210 1695 1391 1760 Mercurius

248 1808 284 1872 in
312 1805 436 1872 eaelum
465 1805 614 1872 ascendit
643 1805 825 1892 transitque
853 1806 933 1894 eius
950 1805 1115 1892 sphaeras.
1159 1805 1276 1872 Posset
1303 1806 1390 1891 quis-

249 1918 338 2002 piam
360 1938 402 1980 ex
423 1916 561 2002 pristino
584 1915 740 1980 Mercurii
767 1915 821 1980 dei
843 1915 929 2002 apud
952 1915 1094 1980 Graecos
1123 1913 1308 1999 significatu
1330 1914 1391 1981 hoe

250 2024 426 2113 explicare,
449 2021 587 2090 sirecte
610 2023 805 2090 Welckerus
829 2023 870 2088 de
892 2046 930 2090 eo
952 2023 1176 2106 indicassem)
1213 2024 1278 2090 Sed
1294 2023 1391 2094 valde

249 2134 374 2216 dubito,
390 2157 432 2199 an
444 2133 614 2200 Welckeri
629 2135 789 2203 sententia
804 2135 956 2221 cuiquam
972 2136 1016 2201 sit
1027 2131 1249 2218 comprobata.
1274 2134 1392 2220 Itaque

249 2242 464 2332 Bernhardyo
492 2244 599 2331 potius
626 2241 910 2330 adstipulandum‚
938 2244 995 2330 qui
1022 2241 1251 2310 Eratosthenis
1279 2256 1390 2309 narra·

248 2355 370 2421 tionem
383 2353 424 2420 ad
435 2355 674 2441 Aegyptiorum
688 2375 740 2420 res
756 2355 883 2420 divinas
900 2361 1048 2440 spectare
1063 2352 1232 2420 contendit
1244 2353 1289 2440 (p.
1305 2353 1395 2438 111).=

250 2465 484 2550 Pervulgatum
514 2472 565 2529 est
586 2463 716 2529 Thoth
742 2465 982 2552 Aegyptiorum
1009 2463 1106 2530 deum
1132 2484 1198 2530 non
1226 2463 1390 2530 diversum

251 2575 475 2642 existimatum
507 2595 579 2639 esse
612 2599 632 2640 a
661 2573 833 2640 Mercurio.
878 2575 933 2640 Ad
966 2573 1058 2640 illum
1092 2583 1202 2640 autem
1234 2572 1391 2658 Aegyptii

250 2685 521 2750 astronomiae
554 2685 698 2770 origines
730 2684 925 2751 referebant.
981 2683 1075 2750 Plato
1111 2685 1146 2748 in
1177 2681 1326 2748 Phaedro
1358 2706 1389 2769 p.

250 2795 313 2884 2751
335 2795 361 2860 O
389 2792 521 2880 ἥκουσα
547 2797 667 2860 τοίνυν
693 2795 771 2876 περὶ
793 2793 993 2878 Ναύκρατιν
1015 2796 1073 2876 τῆς
1094 2792 1273 2876 Αἰγύπτου
1294 2791 1389 2875 νενέ-

251 2911 333 2970 σθαι
360 2909 430 2969 τοῖν
458 2904 531 2970 εἰιεῑ
555 2908 709 2970 παλαιῶν
736 2927 812 2969 τινα
839 2907 950 2986 θεῶν,
983 2893 1027 2968 οὗ
1052 2904 1109 2968 καί
1136 2899 1173 2968 τὸ
1202 2899 1326 2986 ὄρνεον
1352 2899 1391 2967 τὸ

252 3012 356 3098 ιἐρόν,
380 3011 455 3098 ὃδὴ
481 3018 646 3080 καλοῦσιν
669 3009 751 3097 ἶβιν·
776 3011 866 3098 αὐτῷ
889 3012 926 3080 δὲ
949 3010 1056 3096 ὄνομα
1076 3017 1124 3098 τῷ
1146 3013 1282 3097 δαίμονι
1305 3005 1392 3078 εἶναι

253 3123 357 3188 Θεύθ.
372 3109 509 3190 τοῦτον
536 3123 575 3189 δὲ
604 3127 740 3207 πρῶτον
763 3122 910 3208 ἀριθμόν
937 3146 974 3188 τε
1002 3125 1058 3188 καί
1085 3121 1248 3208 λογισμὸν
1276 3119 1391 3207 εὑρεῖν

251 3234 306 3296 καί
328 3236 534 3317 γεωμετρίαν
556 3234 613 3298 καὶ
635 3231 924 3318 ἀστρονομίαν.
962 3231 1061 3297 Diod.
1078 3231 1100 3297 l.
1116 3255 1143 3298 c.
1168 3232 1224 3318 (de
1245 3234 1285 3298 iis
1308 3255 1390 3318 quae

233 3343 408 3428 „Aegyptii
424 3342 466 3406 ad
479 3343 676 3410 Mercurium
691 3344 895 3430 referebant)
908 3345 988 3424 περί
999 3365 1035 3406 τε
1050 3346 1120 3425 τῆς
1135 3346 1213 3408 τοῖν
1228 3339 1390 3425 ἄστρων

251 3451 398 3528 τάξεως
426 3452 483 3516 καί
511 3453 588 3537 περὶ
616 3457 675 3537 τῆς
702 3457 770 3519 τῶν
799 3453 964 3538 φθόγγον
991 3449 1153 3536 ἁρμονίας
1176 3452 1232 3516 καὶ
1254 3451 1391 3536 φύσεως

251 3565 373 3625 τοῦτον
394 3565 531 3646 πρῶτον
552 3561 712 3644 γενέσθαι
732 3562 980 3647 παρατηρητήν.
1019 3561 1138 3628 Strabo
1161 3562 1265 3628 XVII
1280 3585 1310 3648 p.
1328 3563 1391 3626 816

251 3671 406 3753 λέγονται
438 3671 475 3735 δὲ
508 3672 564 3736 καί
597 3669 848 3756 ἀστρονόμοι
883 3672 939 3736 καί
972 3674 1156 3756 φιλόσοφοι
1185 3671 1329 3756 μάλιστα
1359 3671 1395 3754 οἱ

319 3945 344 4008 1)
363 3943 439 3996 Alex.
462 3943 560 4009 Ephes.
583 3946 654 4010 apud
676 3946 813 3996 Tneonem
835 3944 867 3996 de
888 3950 953 3996 astr.
975 3961 1002 4009 p.
1023 3947 1079 3995 190.
1118 3947 1168 3996 Ov.
1190 3945 1268 3999 Fast.
1291 3944 1316 3994 V
1334 3948 1390 3997 105.

251 4011 348 4080 [Erat]
362 4011 466 4063 catast.
480 4015 521 4066 24.
545 4013 815 4077 Hyg.deaatr.117.
840 4012 929 4064 Schol.
941 4012 987 4065 Ar.
1001 4011 1101 4062 Phaen.
1116 4014 1173 4066 269.
1199 4010 1288 4062 Schol.
1303 4012 1390 4062 Germ.

250 4097 277 4146 p.
297 4082 338 4131 84.
358 4083 407 4131 150
425 4082 517 4142 Breys.
548 4081 615 4131 Luc.
629 4081 694 4135 dial.
711 4082 820 4132 deorum
838 4084 861 4144 7,
874 4083 899 4136 4,
928 4079 1044 4143 Bryenn.
1063 4079 1155 4131 Harm.
1172 4083 1266 4144 p.36·2.
1279 4083 1338 4130 410.

250 4147 277 4211 2)
300 4149 383 4198 Mser.
404 4146 461 4198 Sat.
479 4147 493 4198 1
512 4150 552 4212 19,
566 4151 605 4199 15.
628 4148 724 4200 Boeth.
742 4149 774 4198 de
791 4150 857 4200 inst.
870 4163 937 4199 mns.
955 4149 1019 4198 120.
1089 4146 1115 4213 3)
1135 4146 1239 4196 Grieeh.
1253 4147 1392 4198 Gotterl.1

251 4233 277 4280 p.
295 4218 344 4266 342
363 4230 410 4279 „er
427 4214 554 4266 bedentet
575 4215 634 4266 den
652 4215 826 4266 Kreislanf
844 4215 900 4268 dee
919 4214 1091 4279 Himmels‚
1114 4216 1162 4266 des
1181 4215 1252 4278 Tage
1273 4214 1329 4265 und
1346 4215 1392 4264 der

250 4282 347 4344 Nrmht,
366 4282 412 4332 dee
429 4282 568 4334 Wachens
586 4284 642 4335 und
660 4283 815 4346 Schlafens‚
833 4282 892 4332 dem
909 4283 1106 4347 entsprechend
1124 4282 1195 4334 auch
1216 4283 1265 4334 des
1283 4283 1391 4336 hebens

250 4346 307 4400 nnd
326 4351 465 4412 Sternere,
483 4349 526 4400 die
544 4351 686 4414 lebendige
704 4349 873 4415 Bewegung‚
892 4350 946 4399 den
963 4349 1173 4418 Umschwung·“
