3354 5076
709 275 920 330 nnaovarvs
1347 274 1391 340 39

244 443 426 528 γινομένην
459 438 624 527 ἁρμονίαν
659 446 700 527 τῇ
733 438 794 507 ὑπ’
831 440 939 508 αὐτοῦ
972 442 1266 528 κατεσκευασμένῃ
1299 435 1393 528 tripu*

243 553 333 636 (add.
349 549 482 637 ὁμοίαν)
507 600 1383 617 ...........................

244 663 284 728 ἐν
306 660 343 729 δὲ
365 672 435 738 τοῖς
457 663 552 726 ἔτεσι
581 663 737 747 φαίνεται
765 657 893 746 ὁάνὴρ
922 652 1022 740 οὗτος
1049 658 1111 745 τὴν
1139 661 1201 746 μὲν
1228 665 1294 744 γῆν
1326 661 1387 727 ἐᾶν

242 769 418 855 άκίνητον,
447 771 486 836 ἐν
513 768 599 836 ὀκτώ
627 771 665 837 δὲ
693 769 861 855 φθόγγοις
887 781 980 836 ποιεί
1003 768 1070 838 sind
1096 768 1159 854 τὴν
1186 775 1254 836 τών
1277 768 1385 836 datu-

241 883 314 944 νών
340 890 491 964 σφαῖραν
518 891 591 956 ταῖς
618 879 691 967 (τάς
712 902 773 945 em.
796 880 907 963 Mart.)
937 884 1007 944 τών
1034 879 1264 964 πλανωμένων
1291 878 1384 963 ἑκτά,

241 991 299 1054 καὶ
325 988 434 1064 πάσας
461 993 567 1054 κινῶν
595 990 673 1074 περὶ
700 987 763 1073 τήν
784 993 849 1074 γῆν
876 989 933 1053 καὶ
959 986 1021 1073 τὴν
1050 989 1159 1071 λύραν
1184 986 1385 1074 ποιούμενος

240 1095 447 1184 ὀκτάχορδον
480 1100 520 1165 ἑν
551 1101 593 1184 τῇ
622 1098 677 1164 διά
711 1102 830 1166 ιιασών
858 1101 1057 1184 συμφωνίᾳ,
1092 1095 1110 1163 ὁ
1136 1096 1385 1184 μουσικώτερος

238 1206 505 1293 Ἀλεξάνδρουά)

324 1317 447 1383 Vocem
475 1315 595 1402 ὁμοίαν
622 1319 840 1405 pertinentem
868 1320 912 1383 ad
939 1318 1088 1385 dativum
1117 1323 1159 1404 τῇ
1187 1315 1248 1383 ὑπ’
1277 1315 1383 1383 αὐτοῦ

239 1427 531 1513 κατεσκευασμένῃ
560 1427 648 1514 λύρᾳ
670 1427 784 1492 deesse
806 1428 976 1514 perspexit
996 1428 1158 1494 Martinus
1189 1427 1383 1515 addiditque

238 1557 311 1602 eam
333 1547 407 1625 post
435 1535 613 1622 άρμονίαν.
656 1538 786 1603 Desunt
811 1547 922 1603 autem
949 1536 1052 1625 plura.
1097 1538 1183 1602 Nam
1209 1537 1268 1602 ubi
1290 1536 1382 1602 Theo

237 1648 335 1729 dixit,
351 1647 611 1716 Eratosthenem
632 1656 708 1734 post
728 1646 839 1712 lunam
860 1649 970 1713 statim
993 1646 1152 1713 collocare
1174 1646 1287 1730 solem,
1310 1668 1381 1734 per·

235 1759 350 1845 gitque
371 1756 455 1842 φησί
475 1755 553 1842 γάρ,
576 1759 745 1844 sequentia
767 1759 952 1822 accuratius
975 1756 1142 1823 declarent
1163 1779 1297 1822 necesse
1319 1765 1380 1841 est,

236 1889 377 1953 quonam
415 1865 511 1930 modo
547 1867 788 1932 Eratosthenes·
815 1867 901 1931 hanc
938 1868 1132 1933 sententiam
1170 1867 1380 1954 expresserit.

235 1977 376 2042 Omnem
398 1975 635 2042 dubitationem
657 1961 743 2041 tollit
765 1975 972 2060 chalcidius,
996 1999 1014 2040 e
1036 1978 1127 2042 cuius
1150 1976 1260 2043 verbis
1284 1980 1381 2059 (quoe

234 2106 333 2152 ceusu
355 2090 430 2151 esset
454 2123 488 2133 -
514 2091 543 2151 et
563 2086 696 2172 σκιάει)
720 2085 884 2152 Graecum
905 2085 1012 2152 locum
1038 2086 1137 2152 facile
1164 2088 1274 2173 quivis
1302 2107 1378 2172 sup-

234 2195 325 2282 plere
351 2203 469 2282 potest.
513 2195 576 2260 His
598 2197 758 2283 reputatis
787 2193 907 2281 ὁμοίαν
935 2196 1133 2262 vocabulum
1160 2218 1234 2261 cum
1262 2196 1378 2262 ceteris

234 2327 319 2391 quae
341 2304 534 2370 exciderunt
554 2315 629 2370 ante
652 2306 755 2370 verba
778 2305 817 2372 ἐν
838 2305 876 2371 δὲ
896 2315 966 2382 τοῖς
988 2307 1083 2371 ἔτεσι
1104 2307 1210 2371 Ιοοιιιιι
1225 2304 1376 2371 habuisse

235 2424 360 2499 statu03
382 2413 574 2497 θαυμάσοιε
595 2423 705 2480 autem
727 2437 791 2480 non
812 2415 848 2478 in
868 2414 1075 2499 θαυμάσειε,
1104 2416 1193 2502 quod
1215 2415 1375 2481 Martinus

235 2525 378 2612 scripsit,
401 2523 460 2588 sed
475 2524 510 2588 in
524 2524 703 2608 θαυμάσας
716 2527 837 2592 mutari
852 2526 965 2591 debet:
989 2529 1142 2592 miratum
1157 2533 1266 2591 exstat
1287 2525 1377 2612 apud

234 2633 451 2700 chalcidium.

319 2750 466 2818 Chalcid.
489 2760 661 2816 comment.
681 2752 716 2816 in
736 2751 820 2818 Plat.
836 2753 921 2817 Tim.
946 2755 985 2819 72
1008 2775 1099 2836 quem
1120 2751 1374 2838 (Alexandrum)

233 2866 354 2930 suum
373 2861 595 2928 Eratosthenes
616 2866 702 2928 motu
723 2864 848 2944 quidun
868 2863 1031 2930 stellarum
1058 2883 1150 2930 sonos
1172 2863 1303 2928 musims
1325 2864 1375 2928 edi

234 2974 399 3038 consentit:
419 2973 474 3036 sed
494 2972 636 3038 ordinem
657 2972 865 3039 mtbcutiouis
885 2992 950 3038 non
964 2974 1096 3040 eundem
1109 2979 1172 3039 ess‘e
1186 2974 1269 3040 dicit.
1309 2977 1373 3038 stu·

233 3083 301 3146 tim·
313 3063 425 3165 quippe
442 3086 514 3164 post
535 3081 645 3148 tunam
665 3083 833 3148 τριακάσιν
855 3083 1054 3150 altitudinem
1081 3105 1103 3148 u
1125 3087 1210 3149 terre
1232 3084 1286 3150 dat
1306 3084 1372 3162 soli,

233 3210 410 3256 memorum
429 3190 580 3274 fabulose,
603 3190 804 3258 Mercurium
818 3169 989 3258 eonimentu
1003 3213 1108 3259 reeens
1129 3215 1151 3258 α
1171 3211 1204 3258 ω
1218 3193 1288 3274 tyra
1303 3213 1373 3258 cum

232 3301 352 3366 coetmn
374 3300 549 3366 escenderet
563 3301 717 3382 primitus
731 3305 943 3368 transeuntem
958 3322 1019 3384 per
1033 3323 1080 3384 eu,
1103 3321 1183 3384 quoe
1196 3305 1282 3368 motu
1297 3303 1371 3383 pu-

232 3415 377 3475 netormn
398 3409 443 3474 ud
462 3411 647 3493 oryeuieum
667 3411 794 3476 modum
815 3411 1034 3492 personabunt
1055 3411 1167 3494 (lurae)
1178 3410 1203 3494 ²)
1226 3433 1248 3476 α
1269 3430 1301 3476 se
1321 3412 1371 3475 in-

231 3524 336 3586 uentae
362 3518 509 3597 simitum,
537 3519 690 3586 miratum
711 3521 794 3602 quon
819 3521 924 3604 imaue
952 3542 974 3586 α
989 3539 1031 3588 se
1057 3521 1177 3588 inventi
1207 3522 1309 3602 operas
1334 3522 1371 3584 in

300 3756 326 3822 1)
345 3759 391 3810 Sic
407 3763 559 3822 postrema,
581 3757 733 3808 litterarum
751 3757 915 3823 compendiis
933 3746 1050 3824 scripta,
1072 3760 1101 3810 in
1124 3759 1215 3810 codice
1232 3758 1369 3810 Marciano

232 3822 305 3891 (303)
323 3825 461 3890 leguntur.
495 3825 689 3876 Ambrosianus
711 3824 744 3886 (O
763 3828 812 3876 263
829 3826 889 3890 inf.)
913 3832 942 3876 et
958 3827 1102 3878 Parisinus
1124 3824 1213 3894 (1821)
1236 3841 1289 3892 quo
1310 3826 1370 3877 solo

231 3909 298 3945 usus
315 3896 358 3944 est
375 3891 511 3944 Martinus
528 3885 660 3943 habent
647 3907 662 3942 ο
680 3885 891 3957 μουσικώτατος
905 3885 1098 3975 Ἀλέξανδρος,
1116 3894 1212 3945 unde’
1203 3909 1256 3944 sam
1274 3894 1370 3944 Marti

231 3977 282 4012 nus
308 3960 455 4024 genuinam
481 3959 621 4010 lectionem
647 3961 785 4023 cognovit.
828 3960 964 4025 Bergkius
987 3975 1021 4012 ου
1061 3978 1098 4020 ως
1120 3954 1135 4011 ὁ
1158 3952 1369 4028 μουσικώτατος

228 4021 408 4091 Ἀλέξανδρος
432 4044 448 4076 a
465 4028 574 4078 'theone
596 4027 729 4091 scriptum
750 4028 833 4078 fuisse
855 4028 972 4078 coniecit
996 3952 1110 4089 (lechr.
1132 4028 1149 4077 f.
1168 4028 1193 4078 d.
1215 4029 1283 4080 AW.
1304 4031 1369 4081 1850

230 4113 256 4158 p.
278 4095 347 4159 177).
382 4096 434 4145 Est
456 4100 546 4146 autem
564 4095 704 4145 Parisinus
728 4094 878 4160 descriptus
902 4110 936 4145 ex
958 4027 1149 4160 Αιὸὁιοεῐοιιο,
1173 4095 1368 4148 Ambrosianus

230 4178 262 4212 ex
280 4162 431 4225 Marciano,
454 4168 486 4214 ut
506 4163 531 4214 is
552 4177 602 4226 pro
624 4161 707 4212 unico
729 4166 863 4214 tractatus
887 4161 920 4213 de
945 4162 1111 4214 astronomia
1133 4133 1209 4214 ibnte
1229 4163 1368 4215 habendus

230 4230 279 4281 sit:
298 4230 331 4279 de
350 4245 405 4294 qua
423 4243 451 4278 re
468 4229 522 4280 alio
540 4228 600 4279 loco
619 4228 773 4293 disputabo.
842 4229 868 4294 2)
888 4226 966 4296 lyrae
984 4230 1056 4295 quod
1067 4229 1140 4281 deest
1157 4232 1188 4281 in
1200 4231 1367 4283 editionibus

229 4297 377 4352 addendum
395 4295 514 4361 videtum
532 4297 567 4348 ci.
585 4294 688 4348 Graeca
704 4296 794 4352 verbs.
