3324 5074
710 367 913 419 suasanus
1035 327 1065 366 ⁵·
1157 405 1158 412 τ
1342 372 1384 435 85

242 535 355 620 Neque
382 535 575 600 Plutarchus
603 556 735 621 prorsus
769 532 857 597 idom
887 534 988 598 tradit
1015 534 1102 621 quod
1130 536 1381 604 Eratosthenes:

242 643 449 730 (Locrenses)
478 641 602 720 αὐτούς
630 666 665 708 τε
691 639 757 726 yolo
787 641 1038 729 (interfectores)
1072 645 1382 711 κατεπόντισαν

149 797 150 800 ¹
240 756 390 831 ζῶντας
423 754 479 818 καὶ
513 751 575 838 τὴν
610 755 720 817 οἰκίαν
752 753 976 829 κατέσκαψαν.
1033 754 1119 819 Nam
1154 755 1236 820 haec
1268 767 1382 842 aperte

181 931 186 946 ,
241 861 428 948 discrepant
447 887 466 928 a
489 865 598 929 verbis
621 862 849 929 Eratosthenis
877 864 1192 948 σφαγιασθῆναι
1213 872 1307 941 θεοῖς
1328 867 1381 944 ξε-

239 973 325 1048 νίοις
346 968 405 1036 ὑπ’
430 969 647 1055 Εὐρυκλέους
668 975 730 1036 τοῦ
746 972 905 1056 μάντεως.
942 973 1055 1059 Neque
1077 973 1229 1059 intellego
1251 999 1317 1062 qua
1340 977 1380 1040 de

238 1103 338 1146 causa
365 1081 530 1170 Bergkius
559 1082 616 1147 has
648 1082 728 1146 duas
755 1083 957 1147 narrationes
985 1073 1163 1148 artificiosa
1189 1085 1379 1171 interprete·
1415 1070 1417 1074 ⁵

238 1190 325 1254 tione
353 1191 388 1254 in
415 1209 612 1256 consensum
629 1192 780 1276 redigere
802 1193 978 1256 tentaverit
1001 1195 1045 1277 (p.
1069 1192 1142 1275 24):
1171 1191 1380 1259 Plutarchum

170 1321 173 1328 ⁴
238 1302 322 1364 enim
339 1300 565 1366 Eratosthenis
587 1302 808 1364 narrationem
824 1303 1028 1386 expressisse
1044 1303 1143 1365 statui
1158 1303 1282 1388 nequit,
1305 1327 1379 1368 cum

237 1411 334 1474 ctiam
346 1411 379 1473 in
392 1411 549 1474 Demodis
566 1419 599 1474 et
610 1409 714 1474 Troili
729 1410 915 1474 nominibus
930 1411 1104 1474 manifesta
1117 1423 1273 1497 appareat
1289 1413 1378 1476 diffe-

235 1521 360 1583 rentia
384 1521 424 1584 In
440 1541 477 1583 ea
492 1518 613 1596 fabula,
628 1541 723 1604 quam
735 1519 914 1584 Pausanias
930 1520 1022 1604 quasi
1038 1518 1206 1605 vulgatam
1222 1524 1377 1608 sequitur,
1433 1530 1438 1537 '

234 1649 299 1692 non
327 1628 463 1693 Hesiodi
491 1651 557 1693 nex
584 1629 640 1693 sed
664 1629 814 1714 impietas
841 1631 876 1692 in
899 1629 1085 1716 Neptunum
1113 1630 1257 1695 admissa
1278 1653 1378 1697 causa

235 1738 336 1802 fuisse
356 1737 524 1802 ferebatur
551 1761 609 1802 cur
631 1738 798 1803 Ctimenus
826 1749 859 1803 et
880 1737 1047 1825 Antiphus
1077 1740 1176 1806 occisi
1205 1742 1278 1804 sint.
1325 1742 1377 1806 Ibi

234 1869 362 1934 quoque
385 1847 548 1932 Bergkius
577 1848 830 1933 discrepantiam
859 1847 967 1912 delere
995 1859 1147 1932 conatur,
1176 1851 1286 1915 verbis
1310 1850 1375 1917 illis

185 1967 186 1970 ’
233 1959 280 2033 εἰς
294 1958 494 2022 Ποσείδώνα
509 1954 715 2041 ἀσεβήσασιν
729 1960 834 2043 ipsam
849 1958 987 2022 Hesiodi
1001 1959 1262 2025 intersectionem
1278 1963 1375 2046 signi-

232 2067 322 2132 ficari
344 2077 433 2131 ratus
458 2073 504 2155 (p.
528 2067 627 2151 30).¹)
665 2066 846 2131 Pausaniae
867 2078 954 2132 certe
976 2068 1057 2132 haec
1079 2091 1143 2133 non
1165 2069 1227 2132 fuit
1249 2072 1373 2153 opinio:

232 2197 316 2262 quae
338 2178 366 2240 si
388 2177 514 2256 fuisset,
538 2199 604 2242 non
626 2185 694 2240 tarn
716 2177 852 2264 obscure
874 2176 928 2240 ille
951 2186 1037 2241 esset
1059 2177 1196 2242 locutus.

316 2286 467 2372 Euryclia
488 2307 607 2350 nomen
628 2285 715 2350 unde
738 2283 912 2372 sumpserit
937 2287 1184 2369 Eratosthenes,
1210 2288 1374 2373 Bergkius

231 2407 318 2460 recte
342 2394 493 2461 docuisse
515 2395 657 2476 videtur,
682 2394 767 2459 hunc
790 2405 901 2466 vatem.
921 2418 985 2459 non
1008 2397 1173 2461 diversum
1196 2420 1267 2462 esse
1288 2399 1373 2463 iudi-

230 2528 308 2570 cans
324 2505 366 2569 ab
385 2528 424 2569 eo
441 2505 582 2592 Euryole
597 2529 692 2591 quem
708 2485 811 2590 tangit
826 2507 1063 2592 Aristophanes
1078 2506 1179 2593 Vesp.
1195 2529 1226 2575 v.
1246 2510 1371 2596 1019.²)

229 2614 435 2702 Atque-inde
463 2616 559 2680 etiam
589 2615 692 2700 magis
716 2615 785 2681 veri
813 2615 919 2679 simile
946 2616 983 2681 fit
1004 2617 1084 2680 hacc
1107 2618 1215 2682 omnia
1237 2641 1280 2682 ex
1302 2642 1370 2682 car-

229 2727 315 2790 mine
343 2725 514 2810 desumpta
546 2748 627 2788 csse.
677 2725 790 2810 Neque
817 2726 902 2789 enim
927 2726 961 2788 in
989 2725 1073 2789 libro
1102 2747 1199 2812 prosa
1225 2729 1371 2793 oratione

228 2839 407 2922 composito
430 2831 676 2916 Eratosthenes,
701 2835 824 2918 opinor,
848 2832 927 2897 talia
948 2835 1090 2897 lusisset.

312 2945 462 3027 Denique
489 2953 598 3008 autem
626 2943 837 3027 sagacissime
865 2952 897 3006 et
924 2942 1098 3008 admodum
1127 2946 1273 3029 speciose
1296 2969 1370 3011 con-

228 3055 304 3118 iecit
325 3052 504 3137 Bergkius,
533 3065 668 3117 mortem
692 3053 828 3118 Hesiodi
858 3052 1116 3140 suppliciumque
1144 3077 1371 3141 percussorum

206 3145 268 3228 ¹ab
302 3162 519 3228 Eratosthene
547 3171 678 3226 narrata
705 3164 807 3228 fuisse
835 3186 871 3227 eo
903 3165 1062 3226 carmine
1081 3165 1132 3227 cui
1160 3186 1279 3228 nomen
1306 3168 1370 3231 fuit

224 3271 470 3354 Ἀντερινύς.
517 3275 719 3357 Argumento
746 3275 866 3359 optime
896 3251 1048 3336 conuenit
1076 3271 1156 3334 haec
1182 3271 1394 3360 inscriptiop

225 3406 309 3462 nam,
333 3392 369 3447 ut
383 3382 522 3467 Bergkii
545 3382 653 3446 verbis
670 3392 752 3460 utar,
776 3381 941 3467 Antiphus
957 3391 989 3446 ct
1004 3382 1178 3459 Ctimenus,
1203 3406 1276 3446 cum
1293 3407 1367 3449 con·

224 3469 391 3558 tumeliam
414 3492 478 3556 sibi
500 3490 634 3556 inlatam
649 3491 762 3555 ulcisci
778 3489 909 3570 vellent,
933 3493 974 3556 ab
990 3489 1145 3574 Hesiodo,
1169 3515 1265 3578 quem
1280 3494 1367 3558 clan-

226 3603 354 3668 destina
390 3604 508 3666 sororis
545 3601 776 3665 consuetudine
798 3604 861 3665 -uti
897 3601 1146 3685 existimabant,
1186 3603 1366 3668 vindictam

225 3722 442 3797 sumpserunt,
464 3710 691 3797 interfectique
712 3733 829 3797 corpus
849 3712 882 3774 in
899 3733 987 3776 mare
1002 3711 1219 3777 immiserunt:
1242 3723 1277 3777 at
1292 3735 1366 3778 con-

224 3823 316 3886 tinuo
337 3821 433 3885 huius
455 3821 609 3886 facinoris
631 3843 751 3906 poenas
774 3819 949 3900 dederunt,
978 3843 1050 3885 cum
1077 3821 1257 3886 Locrenses
1285 3845 1365 3887 cane

223 3929 330 3995 indice
353 3929 571 4014 deprehensos
594 3931 629 3993 in
645 3953 734 3994 marc
747 3932 1001 4017 praecipitarent
1024 3937 1069 4016 (p.
1085 3931 1153 4016 27).
1190 3930 1365 3997 Praeterea

294 4117 318 4179 1)
337 4115 422 4166 Paulo
441 4116 520 4166 aliter
538 4117 696 4168 Welckerus
714 4135 740 4183 p.
762 4121 823 4169 156:
842 4118 1010 4181 „Pausanias
1027 4119 1066 4168 IX
1084 4121 1125 4180 31,
1144 4119 1303 4182 sgittas,
1322 4121 1364 4176 die

223 4185 329 4236 Morder
348 4184 423 4234 scien
442 4200 494 4234 von
512 4186 673 4249 Naupsktos
692 4186 762 4236 nach
782 4186 917 4250 Molykria
935 4185 1058 4249 geflohen
1081 4185 1135 4235 und
1151 4186 1212 4236 dort
1229 4188 1363 4250 gerichtet

223 4253 330 4305 worden
348 4250 404 4303 und
422 4253 581 4302 verurtheilt
604 4253 645 4302 als
663 4254 776 4302 Erevler
794 4269 882 4320 gegcn
901 4254 1045 4314 Poseidon,
1070 4254 1295 4304 vermuthlich
1313 4257 1362 4305 in-

224 4321 339 4372 solern
357 4321 405 4370 sie
422 4320 473 4370 die
492 4320 614 4370 Leiohe
632 4322 665 4370 in
682 4319 837 4371 dasMeer
855 4321 1024 4385 geworfen
1041 4320 1187 4370 hatten.“
1240 4321 1265 4385 2)
1284 4323 1361 4373 Anal.

222 4388 297 4440 Alex.
315 4390 328 4440 I
347 4405 371 4453 p.
390 4392 423 4440 23
436 4405 476 4455 sq.
494 4387 539 4438 ubi
557 4388 612 4438 alia
629 4403 736 4454 quoque
754 4389 785 4437 de
803 4389 920 4453 Eurycle
937 4389 1092 4461 testimonia
1111 4387 1276 4441 adferuntur.
