3354 5076
690 407 899 462 mersumve
1325 407 1365 470 47

225 579 292 642 Dio
315 575 489 644 XXXVII
513 575 552 640 19
580 575 622 640 de
648 574 779 661 vulgari
801 575 962 640 sententia
989 570 1074 638 acad
1096 570 1159 657 τὴν
1185 573 1279 650 τάξιν
1300 578 1371 637 τῶν

225 687 366 753 κύκλων
393 684 474 750 καθ’
502 683 546 770 ἢν
576 685 613 748 ol
630 684 812 767 Αἰγύπτιοι
839 681 946 769 αὐτὴν
967 687 1150 768 νομίζουσι.
1195 669 1312 747 Restal
1333 693 1370 747 ut

226 817 476 862 commemorem
504 795 711 883 hypothesim
738 793 830 858 illam
857 795 1000 858 maxime
1022 791 1279 875 memorabilem,
1307 793 1370 857 for-

225 917 316 971 tasse
347 907 391 970 ad
420 903 630 969 Heraclidem
657 904 828 980 Ponticum
861 911 1027 968 auctorem
1052 903 1273 983 referendam,
1307 922 1372 994 qua
1439 985 1443 990 .

193 1088 196 1093 ¹
225 1024 333 1081 motus
360 1015 517 1079 Mercurii
545 1023 577 1078 et
599 1014 738 1080 Veneris
766 1013 895 1078 ratione
922 1035 943 1076 a
970 1015 1087 1077 ceteris
1116 1011 1212 1096 longe
1239 1012 1371 1078 diversa
1473 1025 1475 1029 ’

226 1133 505 1212 repraesentatur:
534 1145 631 1188 unam
660 1145 731 1187 esse
758 1143 875 1188 cavam
901 1122 1073 1210 sphaeram
1095 1121 1170 1196 soli,
1196 1121 1369 1202 Mercurio,

227 1233 347 1299 Veneri
370 1255 583 1314 communem,
606 1241 703 1318 atque
725 1233 760 1296 in
782 1254 820 1297 ea
842 1252 914 1297 esse
929 1232 1051 1297 solidas
1066 1234 1188 1298 horum
1209 1239 1369 1297 astrorum

227 1344 382 1431 sphaeras
414 1363 583 1409 commune
614 1351 761 1408 centrum
788 1341 962 1426 habentes,
990 1365 1127 1429 quarum
1163 1342 1297 1406 minima
1325 1343 1370 1405 sit

227 1455 367 1540 sphaera
389 1452 477 1535 solis,
499 1455 620 1517 circum
643 1453 726 1516 hanc
748 1451 887 1538 sphaera
908 1452 1079 1532 Mercurii,
1106 1461 1176 1515 tum
1198 1450 1369 1536 utramque

227 1562 445 1649 complectens
469 1573 501 1628 et
528 1583 655 1626 omnem
678 1583 778 1625 cavae
805 1561 965 1658 sphaerae
991 1562 1196 1638 altitudinem
1219 1560 1369 1624 obtinens

229 1672 369 1737 Veneris
391 1671 574 1758 sphaera.¹)

758 1874 842 1940 XVI

311 2001 406 2066 Philo
437 2002 478 2064 de
505 2021 596 2087 prov.
626 2004 683 2083 (ex
705 2001 857 2065 versione
885 2003 1042 2065 Armenia
1069 2003 1102 2064 in
1130 2003 1273 2086 linguam
1297 2003 1369 2068 Lat.

226 2110 342 2174 transl.
364 2110 407 2173 ab
428 2109 594 2196 Auchero)
616 2133 649 2196 p.
675 2110 746 2174 101.
791 2110 936 2175 Circulos
963 2116 1067 2175 tumen
1088 2113 1204 2176 lacteus
1228 2113 1273 2175 ad
1293 2114 1371 2192 quid

227 2221 293 2284 est?
335 2218 465 2283 Etenim
487 2221 543 2300 qui
563 2221 600 2284 de
621 2221 764 2284 metauris
785 2223 899 2301 ayunt,
922 2221 970 2283 ita
990 2221 1073 2284 inter
1093 2240 1125 2284 se
1146 2221 1312 2302 dimicant,
1334 2226 1371 2284 ut

227 2329 397 2393 dissimilia
426 2330 464 2393 de
490 2329 543 2393 illo
575 2329 756 2412 sentiantl)
807 2329 970 2410 Siquidem
997 2330 1144 2420 nonnulli
1169 2330 1369 2417 arbitrantur

227 2439 358 2502 luminis
379 2458 442 2502 esse
462 2439 703 2502 rcuibmtionem
723 2459 761 2503 eu
775 2439 871 2503 stellis
885 2439 1123 2521 refulpentihus;
1147 2441 1277 2521 quidam
1298 2461 1369 2504 aera

226 2549 464 2612 commissuram
486 2550 579 2612 totius
600 2549 687 2626 caeli,
710 2548 765 2612 udi
787 2553 975 2630 coaptantur
996 2550 1227 2632 hemisphaeria
1233 2573 1244 2630 ;
1266 2551 1369 2631 aliqui

226 2660 394 2739 antiquam
415 2658 456 2721 ab
477 2658 571 2721 initio
592 2658 678 2722 uiam
704 2658 796 2735 solis‚·
824 2659 884 2723 ulii
912 2657 1067 2741 Geryonis
1088 2660 1244 2740 pecudum
1269 2661 1367 2741 aiam,

221 2787 281 2848 per
303 2787 400 2848 quam
421 2786 475 2830 cas
496 2767 614 2843 duait;.
631 2766 690 2830 alii
710 2787 782 2831 acro
804 2771 1077 2849 mantuanense
1102 2789 1144 2832 sc.
1170 2769 1248 2832 laete
1265 2770 1368 2850 plenis

227 2876 365 2940 Iuncms
397 2876 562 2953 uberibus;
600 2857 700 2956 quad
737 2878 856 2941 etiam
884 2876 1195 2942 Heraiostleues
1229 2881 1368 2943 sensit:

227 3007 349 3066 quare
370 2985 488 3050 dicit:
526 2983 666 3064 Miror,
688 2987 723 3050 si
744 2987 959 3069 apprcdiar
981 2987 1091 3052 Iouis
1112 3007 1230 3052 sacru
1251 2990 1367 3052 aesti-

224 3097 294 3177 uia
315 3097 446 3178 pedis,
476 3095 578 3176 quod
603 3114 722 3159 cornu
751 3097 928 3179 appellat
953 3097 1150 3179 hucusque
1177 3103 1213 3162 ct
1239 3100 1366 3164 circu-

227 3205 303 3268 lum
322 3205 560 3284 festinantis
580 3205 797 3288 uelocisque
817 3208 1065 3288 suffurantis
1081 3208 1229 3289 paleas.
1267 3207 1366 3273 Prae-

227 3315 377 3380 termissis
397 3316 504 3395 itaque
525 3316 657 3379 istorum
671 3317 943 3380 adinventionibus
957 3318 1063 3380 minus
1078 3317 1264 3400 probandis,
1288 3339 1368 3398 quae

226 3425 340 3490 ardore
362 3425 536 3488 dimicandi
557 3429 632 3489 sunt
647 3424 802 3506 prolatae,
824 3427 966 3497 conuenit
985 3427 1093 3504 dicere,
1115 3427 1199 3507 quod
1218 3428 1302 3508 tynis
1323 3432 1367 3490 cst
1435 3444 1444 3453 ·

225 3535 288 3598 ista
313 3535 497 3616 plamantis
524 3534 564 3597 ab
590 3535 712 3599 uellem
740 3540 871 3600 causata
903 3535 1049 3600 naturali
1075 3537 1268 3615 necessitate,
1302 3558 1367 3602 non

221 3645 429 3724 prouidentia.

281 3745 284 3752 ¹
311 3753 362 3824 lla
389 3753 549 3816 versionis
581 3754 757 3818 Armeniae
788 3755 891 3819 verba
923 3776 1006 3840 quae
1038 3755 1079 3819 ad
1115 3755 1365 3821 Eratosthenem

225 3869 375 3947 spectant
402 3861 598 3949 respondere
625 3864 721 3928 hisce·
737 3861 942 3930 Germanicis
971 3863 1172 3951 Graecisque
1198 3864 1365 3930 vocabulis

228 3971 386 4037 benevola
407 3971 603 4037 liberalitate
627 3974 707 4037 mihi
735 3974 925 4059 perscripsit
950 3974 1089 4038 Ioannes
1117 3974 1364 4041 Gildemeister:

226 4132 428 4145 Q

295 4226 320 4291 1)
343 4228 434 4280 Huius
462 4230 612 4280 sententiae
637 4228 907 4292 demonstrationem,
935 4243 1004 4296 quae
1032 4246 1096 4283 sane
1122 4231 1155 4282 ad
1183 4234 1364 4284 astronomiae

226 4296 369 4347 scientiam
387 4312 441 4346 uon
459 4299 585 4362 pertinet,
604 4315 630 4348 v.
648 4314 665 4346 a
686 4297 721 4345 ud
738 4297 876 4348 Theonem
895 4315 919 4361 p.
937 4300 986 4347 ⁶296
1000 4315 1040 4364 sq.
1077 4298 1116 4348 cf.
1135 4299 1228 4350 Chalc.
1249 4305 1305 4352 109.

225 4364 252 4426 2)
272 4361 341 4426 „Vel
359 4363 392 4413 ad
410 4365 532 4415 verbum:
555 4362 652 4414 numi
673 4376 702 4414 co
719 4365 846 4428 utapud
863 4363 993 4416 sublimia
1016 4365 1165 4417 lustrantes
1181 4366 1293 4418 inuidia
1310 4383 1363 4419 mo-

224 4433 322 4480 veatur
339 4433 365 4481 et
382 4430 611 4483 contradictiones
627 4429 795 4482 occurrunt?
811 4447 846 4482 ne
863 4431 928 4484 haec
945 4431 979 4483 de
997 4432 1055 4486 illis
1070 4436 1196 4499 putent.“
1229 4436 1316 4496 Auch,
