3324 5074
671 321 875 401 inmenens
1144 357 1146 360 ·
1304 345 1343 410 91

205 515 300 582 κύων
321 515 377 581 καὶ
401 517 504 595 ἔδειξε
526 522 566 603 τῇ
581 516 728 602 θυγατρὶ
750 514 811 582 τόν
827 514 973 600 Ἰκαρίου
989 515 1131 598 νεκρόν·
1154 515 1209 580 καλ
1232 515 1264 580 εί
1282 517 1348 600 χρή

204 651 236 693 τι
264 625 437 694 πιστεύειν
465 638 534 704 τοῖς
561 638 728 720 ποιηταῖς,
756 617 855 703 οὗτός
886 628 979 692 ἐστιν
1007 623 1025 691 ό
1054 628 1197 707 Σείριος.
1249 624 1348 706 Quod

203 739 264 804 hoc
296 737 367 804 loeo
396 737 533 804 Hesiodi
566 747 598 803 et
620 737 718 825 Iconii
745 739 943 804 coniunctim
975 737 1013 804 fit
1039 740 1176 819 mentio,
1208 736 1348 802 fortasse

205 847 342 914 duorum
364 848 592 916 Eratosthenis
615 850 795 914 carminum
816 849 990 914 memoriae
1012 845 1229 914 tribuendum.

724 1061 828 1127 XXV

289 1189 368 1255 Ath.
391 1189 445 1252 IX
459 1213 492 1277 p.
507 1189 570 1255 376
585 1189 649 1273 13¹)
671 1190 861 1254 πεταλίδων
883 1190 977 1254 συῶν
997 1187 1202 1272 μνημονεύει
1221 1183 1349 1270 ’Λχαιός

205 1297 223 1363 ὁ
242 1296 426 1382 Ἐρετριεύς
449 1300 488 1364 έν
509 1287 837 1385 Λίθωνισατυρικῷ
866 1300 975 1381 λέγων
1001 1295 1108 1374 οὕτως
1134 1297 1348 1381 ,πεταλίδων

205 1408 244 1474 δέ
262 1431 315 1473 τοι
343 1413 437 1474 συῶν
464 1421 611 1500 μορφαῖς
637 1405 871 1494 ταίσδεπόλϊ
903 1407 1057 1474 έποίιον.“
1108 1407 1287 1482 πεταλίδας
1314 1405 1347 1469 δ’

205 1515 307 1596 αύτόις
330 1524 441 1603 εἴρηκε
463 1519 663 1603 μεταφέρων
691 1516 758 1584 όπό
780 1522 850 1583 τῶν
876 1517 1022 1601 μόσχων.
1075 1509 1170 1582 οὗτοι
1196 1517 1264 1601 γὰρ
1286 1515 1347 1609 πέῑ

204 1631 299 1712 τηλοι
321 1629 475 1711 λέγονται
497 1625 564 1693 ύπδ
584 1633 654 1693 τῶν
669 1630 832 1713 κεράτων,
857 1626 938 1692 όταν
954 1625 1040 1692 αὐτοὶ
1056 1627 1220 1692 ἐκπέταλα
1235 1629 1345 1710 έγωσι.

206 1742 445 1822 παραπλησίως
466 1737 504 1802 δὲ
526 1742 572 1824 τῷ
590 1733 708 1824 Ἀχαιῶ
730 1736 786 1803 καλ
811 1736 1106 1822 Ἐρατοσθένης
1135 1738 1180 1802 ἐν
1211 1736 1347 1802 ’Λντε-

207 1848 359 1932 ρινύιῖ)
381 1846 478 1925 τούς
499 1848 603 1925 σύας
625 1844 826 1932 λαρινοδς
856 1848 1127 1932 προσηγόρευσε,
1150 1843 1348 1931 μεταγαγῶν

206 1955 261 2023 καλ
283 1955 385 2036 αὐτός
406 1956 473 2022 ἀπό
494 1962 563 2024 τῶν
579 1963 729 2042 λαρινῶν
750 1962 857 2043 βοῶν·
881 1962 917 2022 οἳ
932 1956 1040 2034 οὕτως
1055 1952 1251 2040 ἐκλήθησαν
1271 1952 1347 2038 ήτοι

204 2065 271 2133 ολπό
292 2071 354 2132 τοῦ
376 2067 617 2148 λαρινεύεσθαι
639 2068 723 2153 ὅπερ
746 2068 817 2135 ἐστὶ
839 2073 1040 2148 σιτίζεσθαι,
1063 2066 1224 2151 Σώφρων
1245 2064 1347 2149 ,,βόες

205 2178 242 2243 δὲ
265 2177 538 2260 λαρινεύονται,“
560 2178 583 2262 ή
605 2177 780 2256 ἀπότινος
802 2179 914 2263 κῶμης
931 2175 1170 2260 Ἠπειρωτικῆς
1185 2178 1346 2259 Λαρίνης,

205 2287 226 2370 ή
249 2287 315 2350 α’πδ
338 2291 400 2351 τοῦ
421 2291 672 2370 βουκολοῦντος
694 2285 814 2371 αύτοίς,
838 2291 985 2371 Λαρῖνος
1007 2284 1040 2350 δ’
1064 2277 1162 2361 οὗτος
1185 2283 1345 2354 ἐκαλεῖτο.

290 2395 403 2460 Tm‘um
431 2398 683 2485 explicationum
711 2420 791 2485 quas
820 2397 1010 2462 Athenaeus
1033 2396 1157 2483 profert
1183 2405 1347 2482 postrema

204 2505 304 2592 Lyoi
331 2505 470 2591 Rhegini
497 2519 557 2573 est.
608 2509 853 2574 Aeouratiorem
882 2506 923 2572 do
953 2508 1014 2571 hae
1048 2529 1082 2570 re
1110 2507 1346 2590 expositionem

204 2615 363 2703 praebent
392 2616 426 2681 hi
451 2618 525 2682 looi.
569 2617 678 2683 Schol.
707 2617 803 2683 Pind.
831 2617 925 2682 Nem.
951 2618 999 2681 IV
1022 2617 1064 2680 82
1097 2613 1251 2696 λέγονται
1272 2610 1344 2704 Ιγδιρ
1384 2687 1391 2705 θ

205 2725 243 2788 ἐκ
265 2728 326 2789 τοῦ
352 2726 472 2809 γένους
493 2729 562 2790 τῶν
583 2731 645 2789 τού
668 2726 869 2810 Γηρυονέως
891 2730 983 2809 βοῶν
1005 2723 1128 2789 αὐτόθι
1158 2725 1207 2810 (in
1229 2724 1345 2809 Epiro)

204 2833 436 2918 μεμενηκέναι,
460 2835 647 2912 κλέψαντος
668 2835 749 2919 παρ’
767 2835 971 2919 Ἡρακλέους
985 2834 1139 2917 Λαρίνου
1160 2832 1260 2915 τινός,
1283 2830 1345 2915 ύφ’

204 2931 247 3007 ού
269 2943 326 3007 καλ
349 2945 481 3025 λαρινολ
503 2947 687 3010 καλοῦνται
709 2949 745 3010 oi
763 2946 836 3012 ἐκεῖ
854 2945 931 3029 βόες
952 2943 1087 3029 μνήμην
1106 2945 1168 3009 τού
1189 2939 1347 3025 τὸγένος

205 3049 475 3136 καταστήσαντος
495 3057 536 3138 τῇ
559 3058 767 3142 προσηγορία
788 3056 1023 3139 φυλάττοντες.
1060 3055 1154 3119 Phot.
1179 3053 1347 3136 λαρινολ

203 3162 310 3246 βόες·
340 3162 377 3226 oi
396 3163 435 3228 έν
453 3160 596 3250 Ἠπείρῳ
618 3162 684 3230 ἀπό
708 3168 861 3250 Λαρίνου
880 3163 1058 3248 ,βουκόλου
1080 3164 1267 3240 κλέψαντος
1288 3159 1347 3238 τοὶς

197 3269 403 3354 Ἡρακλέους
416 3274 510 3355 βοῦς,
527 3270 573 3349 ῶς
590 3273 699 3351 Λύκος
706 3277 745 3358 3),
768 3274 824 3340 ὅτε
838 3272 897 3351 τὰς
909 3274 1089 3359 Γηρυόνου
1101 3275 1185 3356 βούς
1199 3271 1341 3357 ἤλαυνε·

203 3379 374 3464 Πρόξενος
401 3382 437 3446 δὲ
464 3378 570 3446 αὐτόν
598 3381 658 3448 τόν
680 3381 847 3465 Ἡρακλέα
873 3381 1008 3449 ἀνεῖναί
1033 3406 1127 3459 τινας
1148 3384 1195 3468 τῷ
1215 3382 1344 3446 Λωδω-

203 3494 288 3577 ναίφ
309 3493 384 3556 Λιί·
406 3486 656 3580 Ἀπολλόδωρος
678 3493 715 3557 δὲ
737 3490 816 3569 τούς
841 3477 1020 3578 εὐτραφεῖς
1041 3491 1216 3577 λαρινούς·
1246 3496 1345 3575 λαρι-

203 3603 319 3666 νεύειν
340 3600 404 3684 γὰρ
426 3601 464 3666 τό
488 3601 647 3671 σιτεύειν.
685 3602 793 3669 Schol.
817 3604 919 3668 Arist.
942 3605 1018 3668 Pac.
1034 3603 1097 3667 925
1119 3603 1196 3682 περὶ
1218 3601 1255 3667 δὲ
1277 3600 1345 3666 τῶν

204 3709 352 3793 λαρινῶν
374 3714 467 3793 βοῶν
486 3712 602 3790 Λύκος
623 3711 686 3797 μὲν
708 3708 893 3797 ὁῬηγίνος
915 3710 970 3778 snt
992 3723 1063 3789 ταῖς
1085 3709 1169 3795 πρός
1193 3709 1344 3787 Ἁλέξαν-

204 3816 289 3900 δρόν
311 3819 366 3903 (έν
382 3832 454 3897 ταῖς
468 3823 546 3907 περὶ
565 3820 785 3903 Ἀλέξανδρόν
800 3825 843 3910 oj.
861 3820 1070 3888 0.Μ·ο11ειιε
1086 3821 1126 3884 fr.
1142 3821 1216 3884 hist.
1233 3818 1292 3883 Gr.
1307 3817 1345 3883 II

203 3950 235 4013 p.
258 3927 336 4012 370)
360 3946 463 4012 φησιν
490 3929 556 3996 ιἰπό
579 3935 731 4012 Λαρίνου
759 3928 851 4008 τινός
878 3931 1051 4015 βουκόλου
1072 3928 1198 4012 ταύτην
1221 3923 1345 4005 αὐτοὺς

203 4033 265 4122 τήν
287 4041 517 4122 προσηγορίαν
533 4039 718 4124 ἐσχηκέναι.
757 4041 821 4105 eloi
843 4039 882 4106 δέ
902 4064 992 4116 τινες
1013 4042 1048 4103 οἳ
1068 4035 1158 4121 παρὰ
1178 4030 1216 4102 τό
1238 4036 1344 4123 λαρόν

272 4240 298 4308 1)
317 4243 394 4296 Eunt.
412 4241 447 4293 εδ
465 4243 516 4297 Οδ.
535 4260 560 4308 p.
580 4247 654 4308 1383,
676 4249 696 4300 1.
799 4244 827 4309 2)
845 4246 890 4294 Ita
908 4246 937 4294 Β.
957 4235 1121 4309 ἅντεριννύι
1137 4245 1167 4294 Ρ.
1203 4245 1298 4295 Vtrum
1316 4246 1342 4294 in

203 4315 225 4361 A
238 4312 370 4375 seriptum
381 4311 425 4362 sit·
436 4312 580 4363 nescimus.
631 4313 658 4376 3)
676 4306 692 4364 ὁ
705 4307 838 4379 Ῥηγῖνος
855 4312 915 4362 εδδ.
927 4312 1049 4364 Naberns
1066 4328 1080 4363 e
1093 4311 1176 4365 suida
1188 4328 1214 4363 v.
1233 4311 1342 4376 λαρινολ

202 4371 268 4445 βόες
286 4380 333 4446 qui
349 4379 441 4431 Photii
458 4381 541 4432 verbe
559 4382 755 4450 transscripsit.
786 4380 894 4450 (Apost.
912 4380 938 4433 X
954 4379 1008 4448 46.)
1335 4405 1336 4408 ¹
