3324 5074
287 360 329 426 70
756 355 964 408 un-ncvmvs

287 551 404 595 nomen
432 529 610 608 ferentem,
642 546 705 610 quo
734 522 866 589 fabulae
894 523 934 588 de
963 525 1069 609 signis
1098 522 1294 588 caelestibus
1323 534 1432 587 essent

289 641 471 729 expositae:
502 638 614 721 itaque
637 657 678 699 ex
700 632 890 700 collectione
912 633 1122 720 reliquiarum
1145 654 1227 719 quae
1250 655 1268 697 e
1290 633 1432 698 carmi·

288 751 408 815 nibus
425 745 683 811 Eratosthenicis
708 752 882 828 supersunt
903 742 1101 807 removenda
1124 752 1201 807 sunt
1223 743 1331 806 omnia
1344 741 1432 807 illius

288 858 472 943 argumenti
495 855 678 939 fragmenta
700 873 782 938 quae
798 851 950 937 Hyginus
973 852 1068 917 nobis
1089 855 1245 916 servavit.
1286 851 1432 936 Cogitari

290 967 420 1055 quidem
443 965 559 1053 possit,
582 984 681 1027 unum
704 960 884 1026 alterumve
907 983 1016 1025 eorum
1036 983 1077 1025 ex
1091 961 1252 1025 Mercurio
1269 969 1433 1046 sumptum

290 1101 377 1143 esse:
408 1097 482 1140 nam
511 1076 543 1137 in
572 1073 810 1137 commentariis
840 1073 969 1136 Arateis
999 1071 1086 1135 unde
1109 1071 1262 1156 Hyginus
1290 1071 1432 1156 hausit¹)

291 1189 388 1252 etiam
415 1183 574 1248 'Mercurii
601 1184 758 1246 rationem
786 1180 932 1245 habitam
959 1182 1062 1245 fuisse
1089 1181 1291 1245 demonstrat
1317 1181 1357 1244 fr.
1388 1179 1432 1244 ΙΙ.

290 1298 336 1361 At
359 1293 629 1382 proficiscendum
657 1290 752 1354 nobis
777 1299 826 1354 est
852 1313 917 1355 non
946 1289 988 1354 ab
1016 1291 1166 1373 incertis,
1195 1291 1250 1355 sed
1279 1312 1298 1353 a
1324 1290 1433 1354 certis.

291 1407 453 1472 Certum
477 1410 542 1484 est,
571 1403 772 1465 narrationes
796 1401 835 1465 de
859 1400 976 1486 quihus
999 1399 1113 1486 loquor
1134 1401 1169 1462 in
1191 1399 1433 1464 Catasterismis

290 1516 392 1581 fuisse
415 1514 565 1577 traditas:
597 1533 728 1596 prorsus
756 1511 953 1573 incertum
983 1519 1032 1574 est
1059 1510 1112 1573 vel
1138 1511 1234 1574 unius
1262 1511 1371 1572 earum
1400 1509 1434 1572 in

291 1623 453 1688 Mercurio
475 1621 673 1684 mentionem
690 1619 810 1684 factam
828 1640 908 1684 esse.
946 1620 1062 1705 Itaque
1084 1619 1118 1682 hi
1139 1617 1202 1683 loci
1225 1619 1254 1682 ei
1272 1617 1434 1684 tractandi

292 1743 390 1820 atque
423 1729 606 1816 exponendi
640 1739 735 1793 crunt
768 1729 822 1816 qui
854 1730 1125 1816 perscrutabitur,
1165 1750 1262 1814 quam
1296 1728 1434 1793 formam

294 1842 468 1907 habuerint
501 1839 724 1903 Catasterismi
757 1840 813 1923 qui
845 1831 1035 1903 ferebantur
1062 1838 1305 1920 Eratosthenis,
1339 1860 1435 1924 quem

292 1950 460 2031 ambitum,
485 1972 504 2013 a
526 1948 644 2034 quibus
668 1948 882 2034 scriptoribus
905 1947 1070 2034 compilati
1093 1949 1166 2026 sint,
1190 1947 1330 2034 denique
1353 1969 1435 2034 quae

294 2059 500 2125 necessitudo
521 2058 705 2122 intercedat
727 2059 812 2123 inter
833 2058 892 2125 hos
915 2058 1114 2144 antiquiores
1131 2057 1381 2123 Gatasterismos
1405 2066 1436 2120 et

296 2193 350 2235 eos
374 2172 428 2256 qui
452 2191 536 2234 nunc
553 2169 769 2255 supersunt.²)
805 2167 869 2232 Sed
892 2189 966 2231 cum
987 2169 1021 2231 in
1042 2166 1104 2231 hac
1121 2166 1342 2254 disputatione
1356 2190 1435 2232 non-

295 2301 462 2366 nunquam
490 2277 619 2362 singula
645 2277 788 2342 locorum
816 2277 1081 2364 Hyginianorum
1109 2276 1211 2341 verba
1238 2279 1349 2361 magni
1372 2278 1438 2341 sint

296 2390 466 2470 momenti,
495 2389 700 2472 quaestiones
730 2409 810 2473 quas
840 2387 913 2450 dico
942 2385 1014 2450 tum'
1039 2387 1168 2451 demum
1196 2386 1363 2452 fructuose
1391 2388 1436 2450 in-

298 2499 389 2563 stitui
423 2504 574 2583 poterunt
604 2518 677 2558 cum
710 2518 829 2561 novam
859 2497 986 2582 Hygini
1020 2497 1192 2561 editionem
1225 2499 1258 2560 in
1289 2497 1437 2562 manibus

297 2607 504 2689 habebimus,
534 2605 622 2697 unde
649 2607 728 2691 quid
756 2606 850 2671 bonis
873 2606 1040 2670 codicibus
1067 2606 1221 2670 traditum
1249 2607 1291 2670 sit
1313 2607 1438 2671 discere

297 2718 470 2803 possimus.
506 2716 657 2796 Actum,
681 2718 709 2778 si
732 2718 818 2781 vires
834 2716 981 2797 aderunt,
1004 2714 1062 2780 illa
1079 2719 1262 2780 examinare
1284 2717 1437 2799 conabor,

299 2835 336 2889 ut
359 2825 569 2912 suppleantur
592 2847 630 2888 ea
652 2847 734 2911 quae
756 2825 807 2890 hic
830 2827 977 2912 exposui.

383 2936 538 2998 Attamen
561 2935 663 2997 neiis
687 2936 743 3020 qui
766 2945 878 2999 contra
901 2937 1044 3000 sentiunt
1066 2934 1195 2999 libellus
1218 2947 1328 3002 noster
1343 2937 1437 3001 nimis

300 3065 436 3107 mancus
459 3065 530 3106 esse
553 3043 717 3123 videatur,
747 3045 929 3107 exscribam
952 3046 1046 3130 quasi
1070 3045 1283 3130 appendicem
1306 3069 1347 3110 ex
1369 3045 1439 3132 Hy-

264 3238 266 3242 ,
300 3151 370 3237 gini
401 3152 442 3218 de
476 3153 674 3217 astronomia
708 3173 803 3238 opere
841 3174 893 3217 eos
930 3153 1015 3218 locos
1053 3154 1170 3239 quibus
1206 3155 1439 3220 Eratosthenes

301 3263 428 3327 citatur.
438 3262 463 3346 ³)
817 3247 824 3253 ”

385 3371 401 3435 Ι
425 3371 536 3456 (113).
576 3371 675 3438 Maias
697 3374 870 3459 (Atlantis)
892 3375 979 3457 filiae
998 3395 1069 3439 carr
1082 3377 1209 3456 saepias
1223 3376 1441 3441 deterioribus

291 3467 388 3545 'male
410 3482 615 3562 decerperent,
645 3482 730 3547 Iano
752 3485 867 3548 dicitur
888 3485 971 3550 bunc
994 3483 1194 3569 (draconem)
1222 3485 1267 3548 ibi
1288 3483 1441 3549 custodem

302 3629 480 3636 ..—.-—--

371 3701 395 3766 1)
412 3701 485 3764 Frey
504 3702 599 3751 Rhein.
619 3704 688 3755 Mus.
707 3705 782 3754 XXV
801 3721 827 3768 p.
845 3707 903 3754 272.
1008 3705 1034 3765 2)
1056 3703 1256 3754 Valckenarius
1278 3704 1371 3755 libello
1392 3708 1441 3757 suh

301 3769 493 3821 Eratosthenis
511 3769 619 3819 nomine
636 3770 748 3834 vulgato
770 3771 955 3836 compendium
977 3772 1089 3836 genuini
1112 3771 1200 3836 operis
1220 3773 1352 3822 contineri
1373 3774 1443 3825 arbi-

302 3845 392 3889 tratus
410 3842 450 3888 cst
468 3839 476 3896 t
480 3853 505 3902 p.
518 3836 571 3901 69),
591 3841 673 3902 atque
690 3839 760 3888 hanc
777 3839 819 3888 vel
832 3839 947 3888 similem
960 3840 1124 3890 sententiam
1136 3842 1230 3903 postea
1243 3849 1442 3904 proposuerunt

302 3905 445 3969 Bergkius,
462 3905 614 3956 Bursianus
633 3907 669 3970 (p.
689 3907 763 3968 766),
781 3906 891 3969 Ereyus.
927 3907 1092 3957 Letronnius
1111 3906 1293 3971 existimavit,
1313 3913 1341 3958 et
1359 3910 1441 3960 Cata-

301 3974 485 4024 sterismorum
502 3974 709 4036 compositorem
726 3979 753 4023 et
772 3975 911 4038 Hyginum
929 3990 994 4025 usos
1012 3990 1071 4025 esse
1088 3974 1223 4024 Mercurio
1236 3975 1441 4026 Eratosthenico

303 4041 416 4104 aliisque
429 4039 592 4091 carminibus
604 4042 787 4092 astronomica
799 4041 1039 4106 mythologumena
1051 4042 1234 4092 tractantibus
1252 4042 1381 4106 (Journal
1394 4045 1442 4094 des

304 4109 410 4159 Savans
430 4110 495 4157 1824
516 4124 541 4171 p.
558 4108 625 4172 368).
657 4109 739 4160 Rosio
752 4108 940 4160 Catasterismi
957 4125 989 4159 ex
1008 4111 1199 4160 commentario
1219 4111 1332 4175 quodam
1345 4113 1442 4160 Arateo

303 4173 422 4238 excerpti
439 4190 498 4224 esse
516 4175 571 4225 visi
589 4181 652 4226 sunt
670 4177 764 4240 (Arist.
784 4178 908 4242 pseudep.
927 4194 953 4243 p.
972 4177 1041 4241 346).
1078 4177 1247 4242 Bernhardyi
1271 4179 1442 4239 sententiam,

257 4286 260 4291 .
304 4244 350 4309 qni
363 4242 573 4294 catasterismos
586 4245 746 4310 superstites
759 4260 791 4295 ex
803 4245 913 4310 Hygino
927 4261 1071 4296 conversos
1083 4260 1143 4296 esse
1155 4245 1266 4306 censuit,
1285 4250 1442 4307 argumento

303 4310 464 4374 gravissimo
482 4309 688 4376 firmissimeque
709 4314 857 4364 Bursianus
876 4313 1015 4367 refutavit.
1084 4309 1110 4378 3)
1129 4315 1161 4363 In
1179 4315 1366 4375 corruptorum
1384 4328 1442 4364 ver·
1507 4373 1513 4383 Ι

303 4379 399 4430 horum
417 4377 605 4428 emendatione
623 4380 680 4430 sine
700 4380 821 4432 codicum
839 4380 947 4431 auxilio·
959 4397 1015 4431 non
1032 4381 1208 4431 laborandum
1227 4394 1332 4430 censeo.
