3324 5074
303 358 344 423 74
771 357 981 410 naacvsuvs

300 547 412 609 corpus
433 546 497 592 non
524 529 665 608 apparet.
702 549 734 609 p.
760 525 820 589 135
835 546 884 610 sq.
907 523 1129 590 Eratosthenes
1157 525 1234 589 dtott
1256 525 1361 589 hovem
1384 544 1448 589 esse

301 657 381 719 quoe
401 636 465 715 fuit
480 634 654 717 Ραείμίιοι.
691 637 779 700 entus
791 635 913 722 priores
929 639 1039 716 partes
1055 637 1182 716 parent,
1205 634 1362 716 reliquunt
1381 655 1446 698 cor-

295 766 359 831 pus
380 766 445 811 non
466 749 599 828 ογγονεί
613 749 745 837 μιαρίαν
764 744 934 825 femineum
961 763 1077 810 senum.
1108 743 1241 810 ¹Catast.
1272 744 1320 808 14.
1357 742 1444 832 Hyg.

301 855 337 920 ΙΙ
359 855 447 943 21.¹)
904 854 906 858 ’
1339 868 1344 874 ·

387 1192 629 1273 Timarchi2)
653 1193 901 1258 commentarios
932 1193 966 1257 in
993 1181 1220 1258 Eratosthenis
1247 1190 1445 1257 Mercurium

304 1312 534 1370 commemorat
548 1303 737 1367 Athenaeus
754 1301 806 1367 XI
821 1325 853 1390 p.
869 1303 930 1368 501
948 1303 987 1383 E,
1010 1302 1067 1367 ubi
1082 1301 1181 1368 citato
1198 1301 1325 1368 Cratini
1348 1313 1446 1367 versu

303 1413 443 1496 δέχεσθε
465 1411 588 1497 φιάλας
602 1410 702 1476 τάσδε
718 1410 1034 1497 βαλανειομφάλους
1053 1412 1337 1498 grammaticorum
1353 1411 1445 1476 vocis

303 1513 591 1607 βαλανειόμφαλος
612 1522 895 1610 interpretationes
918 1532 1081 1588 recenset:

392 1634 557 1717 Τίμαρχος
579 1629 610 1696 δ’
635 1631 673 1696 έν
696 1630 840 1717 τετάρτῳ
862 1631 939 1713 περὶ
960 1635 1022 1695 τοῦ
1042 1628 1306 1715 Ἐρατοσθένους
1323 1627 1446 1714 Ἑρμοῦ

303 1733 516 1824 ,πεπαῖχθαί
527 1764 577 1817 τις
592 1738 636 1804 tv
652 1741 810 1824 olphet‘n“
826 1739 909 1824 φησὶ
924 1737 1010 1823 »τὴν
1025 1739 1125 1821 λέξιν,
1150 1739 1236 1803 διότι
1251 1739 1291 1803 τά
1306 1743 1446 1804 πλείστα

302 1855 371 1916 τῶν
398 1849 558 1935 Ἀθήνησι
587 1851 779 1932 βαλανείων
808 1849 989 1933 κυκλοειδῆ
1021 1859 1093 1924 ταῖς
1118 1859 1340 1924 κατασκευαῖς
1366 1845 1446 1912 ὄντα

303 1958 382 2036 τούς
405 1957 593 2044 ἐξαγωγοὺς
623 1961 690 2042 ἔχει
718 1955 801 2024 κατά
823 1959 938 2041 μέσον,
970 1955 1027 2042 ἐφ’
1057 1949 1099 2022 οὗ
1126 1962 1272 2041 χαλκοῦς
1296 1954 1446 2041 ὀμφαλὸς

304 2071 484 2136 έπεστιν.“.

386 2179 479 2244 Haec
501 2181 584 2245 bene
606 2180 771 2266 explicata
793 2187 869 2266 sunt
891 2177 1094 2245 aMeinekio
1109 2179 1224 2265 fragm.
1240 2201 1320 2244 com.
1337 2177 1396 2244 (ir.
1408 2179 1444 2244 II

302 2312 333 2375 p.
356 2289 408 2354 50.
453 2289 504 2354 uf.
531 2281 695 2372 [Aristot]
727 2289 768 2352 de
795 2289 915 2353 mundo
938 2289 958 2353 6
985 2312 1015 2375 p.
1040 2289 1131 2354 3991>
1160 2289 1268 2354 Bekk.
1296 2290 1384 2353 έοικε
1407 2288 1444 2354 δὲ

304 2395 421 2480 ὄντως,
446 2399 477 2462 εί
493 2395 548 2462 καὶ
563 2395 773 2482 μικρότερον,
797 2397 1027 2480 παραβάλλειν
1048 2396 1108 2463 τὸν
1130 2399 1257 2483 κόσμον
1279 2409 1350 2474 τοῖς
1372 2396 1445 2481 ὀμ-

303 2511 447 2586 φαλοίς
469 2506 662 2591 λεγομένοις
683 2517 753 2582 τοῖς
776 2507 814 2572 έν
836 2517 905 2582 τοῖς
920 2510 1035 2582 ψαλϊσι
1058 2509 1177 2588 λίθοις,
1201 2510 1237 2572 οἳ
1256 2508 1350 2591 μέσοι
1373 2510 1445 2572 κεί-

216 2604 218 2610 ’
303 2639 400 2700 μενοι
422 2614 505 2680 κατά
528 2614 589 2700 τὴν
604 2617 665 2692 ,είς
687 2613 845 2701 ἑκάτερον
867 2615 966 2700 μέρος
993 2616 1127 2681 ἔνδεσιν
1155 2615 1193 2680 έν
1221 2614 1366 2701 ἁρμονία
1386 2640 1444 2699 τη-

304 2730 404 2806 ροῦσι
426 2726 482 2791 καί
506 2727 544 2790 έν
566 2725 657 2802 τάξει
679 2722 716 2790 τό
739 2730 812 2790 πᾶν·
829 2729 938 2810 σχῆμα
960 2728 1017 2808 τῆς
1039 2726 1180 2804 ψαλίδος
1202 2725 1258 2789 καὶ
1273 2723 1441 2808 άκίνητον.

304 2837 419 2922 Neque
446 2847 555 2901 tamen
573 2841 664 2900 'recte
686 2835 870 2900 Meinehius
892 2835 1068 2901 arbitratus
1092 2846 1143 2900 est
1164 2859 1185 2900 a
1206 2836 1379 2901 Timarcho
1403 2837 1443 2901 de

303 2948 364 3010 hac
377 2967 413 3008 re
429 2945 716 3010 Eratosthenis
739 2947 932 3010 sententiam
952 2947 1197 3032 comprobatam
1213 2947 1326 3011 fuisse.
1360 2946 1443 3010 Eam

304 3056 389 3118 enim
416 3053 604 3118 Athenaeus
631 3054 682 3118 his
712 3055 822 3119 verbis
850 3057 1016 3141 proponit:
1050 3053 1293 3138 Ἐρατοσθένης
1326 3056 1365 3120 έν
1397 3059 1443 3139 τῷ

305 3163 470 3250 ἑνδεκάτῳ
505 3165 582 3245 περὶ
615 3164 790 3248 κωμῳδίας
821 3161 884 3248 τὴν
921 3162 1011 3240 λέξιν
1044 3162 1181 3245 άγνοεῖν
1213 3180 1297 3247 φησι
1330 3164 1444 3228 Λυκό-Ἰ

304 3274 468 3357 φρονα·3)
491 3275 559 3337 τῶν
580 3269 644 3355 γάρ
661 3270 793 3356 φιαλῶν
808 3273 843 3336 oi
862 3268 1010 3355 ὀμφαλοί
1032 3272 1088 3336 καὶ
1109 3276 1189 3336 τῶν
1210 3274 1443 3355 βαλανείων

305 3382 345 3444 οἱ
360 3382 481 3447 θόλοι
496 3381 688 3466 παρόμοιοι·
715 3383 761 3458 είς
776 3379 814 3446 δὲ
828 3379 865 3446 τό
880 3376 967 3458 εἶδος
982 3379 1045 3446 οὐκ
1060 3378 1245 3466 ἀρρύθμως
1260 3386 1442 3462 παιῖονται.

374 3635 398 3700 1)
416 3635 440 3685 Α
459 3637 610 3688 scholiasta
632 3637 719 3688 Germ.
744 3636 881 3702 Sangerm.
904 3655 930 3703 p.
947 3641 1000 3689 ’161
1006 3675 1015 3702 ,
1035 3641 1066 3689 18
1088 3639 1281 3689 Eratosthenes
1303 3638 1372 3690 salso
1395 3655 1443 3704 pro

304 3703 487 3768 Aglaosthene
510 3705 620 3756 citatur.
727 3705 754 3770 2)
778 3704 874 3758 Suidas
897 3722 925 3757 v.
948 3695 1127 3765 Ἀκολλιόνιος
1148 3697 1346 3770 Ἀλεξανδρεάς
1369 3699 1444 3758 ἐπῶν

304 3765 439 3852 apennis:
472 3768 627 3852 σάγγρονος
653 3763 879 3854 Ἐρατοσθένους
909 3771 958 3853 καὶ
988 3765 1253 3855 ΕὐφορίωνοςΙκαλ
1287 3768 1443 3855 Τιμάρχου.

303 3839 411 3969 {titt
423 3838 1264 3972 iti⁰⁰ttitt⁰tm0ttittnfttitttitttifwtt
1282 3841 1443 3974 ”iiiiii

304 3975 395 4030 tionis
408 3975 496 4026 verbis
514 3991 539 4040 p.
557 3977 590 4026 55
608 3973 690 4024 Dind.
709 3975 791 4036 (unde
809 3991 882 4025 error
900 3976 1011 4026 transiit
1028 3977 1057 4025 in
1076 3975 1174 4026 Suidae
1190 3976 1243 4025 lex.
1264 3992 1288 4025 v.
1304 3969 1398 4042 Ἀργάς
1416 3983 1443 4026 et

304 4041 402 4092 inlex.
421 4042 462 4095 ed.
479 4059 496 4092 a
513 4043 688 4092 Bachmanno
706 4041 799 4092 anecd.
818 4042 862 4094 Gr.
881 4044 894 4094 I
912 4060 938 4107 p.
952 4043 1010 4106 141)
1029 4059 1084 4093 non
1101 4041 1279 4094 dubitandum
1297 4046 1362 4110 quin
1378 4059 1443 4093 vera

305 4110 341 4159 sit
358 4109 499 4160 Maussaci
515 4111 661 4175 sententia,
688 4109 831 4176 Τίμαρχος
850 4103 990 4169 ὁῬόδιος
1011 4109 1081 4160 falso
1099 4125 1148 4175 pro
1174 4109 1336 4177 Τιμαχίδας
1354 4102 1369 4162 o‘
1384 4104 1443 4160 ‘Po'-

305 4175 368 4236 διος
387 4177 518 4242 scriptum
537 4193 605 4228 esse.
685 4179 712 4240 3)
730 4177 919 4242 Lycophronis
935 4179 1126 4258 interpretatio
1144 4177 1210 4228 haee
1228 4178 1292 4229 fuit:
1312 4171 1368 4227 άπὸ
1387 4176 1443 4227 τῶν

304 4233 444 4308 ὀμφαλῶν
462 4240 518 4295 τῶν
537 4236 568 4294 ἐν
585 4247 649 4304 ταῖς
667 4247 846 4322 γυναικείαις
863 4241 980 4305 πυέλοις
997 4245 1071 4296 σθεν
1087 4247 1146 4304 τοῖς
1159 4244 1295 4310 σκαφίοις
1313 4234 1442 4307 άράουσι.

304 4311 459 4390 Hesychius
481 4329 506 4361 v.
530 4309 798 4376 βαλανειομφαλους
822 4314 1008 4379 Lycophronis
1030 4318 1057 4362 et
1079 4312 1268 4363 Eratosthenis
1292 4312 1443 4389 sententias

304 4378 401 4445 prodrt.
429 4377 549 4431 esron.
563 4379 655 4432 vles,
681 4380 765 4430 Bekk.
778 4380 870 4432 anecd.
883 4397 910 4446 p.
923 4383 981 4434 225.
1011 4380 1108 4430 Suidas
1126 4399 1151 4434 v.
1164 4377 1442 4445 βαλανειομφάλους.
