3354 5076
296 404 338 468 5ss
765 401 974 456 nnncvnws

299 573 337 638 ἐκ
360 571 397 636 δὲ
420 575 489 636 τῶν
511 568 626 653 άκρων
648 569 829 654 τεταμένον
848 569 1009 655 Ἀνάγκης
1031 569 1214 653 ἄτρακτον,
1244 568 1289 635 δι’
1314 561 1355 634 οὗ
1377 571 1449 635 πά-’

299 661 360 757 σας
383 681 647 764 ἐπιστρέφεσθαι
668 677 726 757 τὰς
747 681 954 766 περιφοράς·
978 672 1021 745 οὗ
1043 679 1105 765 τήν
1126 681 1190 765 μέν
1211 683 1385 764 ἠλακάτην
1406 704 1442 745 τε

298 792 355 856 καλ
383 787 421 856 τό
451 787 634 873 ἄγκιστρον
662 787 748 860 εἶναι
779 791 814 869 ἐξ
842 788 1033 875 ἀδάμαντος
1055 794 1126 855 κτλ.
1172 791 1265 855 Haec
1292 793 1379 856 enim
1401 791 1442 856 de

297 925 360 967 axe
382 899 628 985 intellegebant.
673 901 764 965 Theo
788 901 829 965 de
850 912 928 966 σειν.
945 925 977 988 p.
997 901 1057 965 194
1080 900 1156 983 περὶ
1178 904 1236 984 τῆς
1251 906 1319 965 τῶν
1335 898 1442 986 οὐρα-

298 1015 384 1077 νίων
412 1011 663 1095 διακοσμήσεως
691 1008 799 1093 λέγων
828 1011 951 1098 (Plato)
981 1008 1084 1088 ἄξονα
1111 1012 1173 1094 μέν
1200 990 1276 1075 τινα
1305 1008 1364 1090 διά
1383 1009 1443 1075 τὸν

229 1155 235 1163 -
300 1121 406 1186 πόλον
429 1121 589 1204 διήκοντα
612 1109 687 1184 οἷον
709 1123 807 1185 κίονα
829 1125 900 1185 κτλ.
944 1120 1079 1186 Proelue
1107 1123 1143 1185 in
1165 1121 1251 1205 Tim.
1280 1145 1312 1206 p.
1334 1121 1443 1186 2841]

299 1228 359 1294 ἕνα
386 1230 449 1312 μὲν
475 1227 539 1312 γάρ
568 1226 674 1294 αὐτὸν
703 1230 861 1314 ἐποίησεν
891 1230 1014 1316 (Plato)
1044 1227 1149 1306 ἄξονα
1176 1226 1240 1313 τήν
1269 1228 1378 1314 ἀρχήν
1405 1229 1444 1295 ἐν

203 1329 211 1351 '
300 1342 461 1425 Πολιτείᾳ
488 1337 548 1404 τὸν
582 1336 758 1423 ἄτρακτον.
808 1341 943 1406 Photius
971 1363 1004 1405 v.
1035 1341 1217 1422 τεταμένον
1250 1345 1322 1425 φῶς
1356 1338 1445 1406 εὐθύ

300 1439 373 1515 οἷον
396 1451 543 1536 κίονα1);
567 1446 605 1513 τὸ
628 1447 791 1533 οὐράνιον
814 1451 917 1533 λέγει·
950 1450 988 1514 τὸ
1010 1447 1075 1534 γὰρ
1097 1447 1241 1533 συνέχον
1264 1449 1326 1533 τήν
1348 1472 1443 1532 περι-

300 1556 413 1643 φοράν
442 1557 479 1647 τό
509 1557 668 1641 ὐτόζωμα
695 1563 757 1624 τοῦ
785 1557 929 1644 κόσμου·
959 1557 1033 1624 κατ’
1063 1555 1150 1643 άκρα
1179 1559 1216 1624 δὲ
1244 1549 1289 1623 αὖ
1317 1561 1444 1644 διήκων

300 1671 485 1735 ἐπινοεῖται
508 1665 525 1732 ὁ
549 1667 654 1746 ἄξων·
680 1666 767 1733 εὐθὺ
790 1669 827 1735 δὲ
843 1665 917 1734 ἀντὶ
933 1673 995 1734 τοῦ
1011 1666 1134 1753 ὀρθόν·
1159 1668 1248 1746 τινες
1267 1666 1328 1732 τὸν
1342 1667 1444 1746 άξονα

299 1782 361 1843 τοῦ
384 1776 527 1860 κόσμου·
557 1779 592 1842 οἱ
611 1778 648 1844 δέ
671 1778 857 1863 κύλινδρον
878 1802 954 1844 τινα
974 1777 1084 1863 ιτυρός
1106 1780 1263 1863 αἰθερίου
1285 1777 1363 1861 περὶ
1385 1777 1445 1843 τόν

300 1886 404 1966 άξονα
421 1887 548 1976 ὅνταᾙὶ)
585 1890 639 1953 Ad
655 1891 818 1975 poeticum
833 1889 914 1964 illud
929 1891 1109 1970 inventum,
1126 1890 1218 1975 quasi
1233 1889 1305 1954 axis
1322 1887 1445 1954 solidus

300 1999 353 2081 sit,
377 2008 503 2086 spectat
526 2000 623 2064 etiam
646 1998 791 2064 Achilles
814 2024 846 2084 p.
865 2000 923 2064 151
940 2001 985 2064 E:
1009 1999 1069 2082 τήν
1092 1999 1129 2063 δὲ
1152 1996 1238 2082 ὕλην
1260 1993 1366 2063 αὐτοῦ
1382 1997 1445 2062 οὐκ

302 2100 455 2185 ἐδίδαξεν
486 2099 573 2193 ήμάς
598 2106 753 2194 Ἄρατος,
788 2107 864 2174 ἄλλ’
899 2106 942 2186 ὡς
975 2109 1014 2175 έν
1047 2109 1180 2193 ποιήσει
1200 2108 1445 2202 Ιμυθικώτερον

301 2216 416 2300 ὥσπερ
439 2217 616 2302 ὀβελίσκον
639 2217 744 2285 αὐτὸν
768 2215 907 2306 εἶπονῆ
1214 2227 1220 2234 ”

834 2455 921 2521 ΧΙΧ

390 2597 520 2662 Πέντε
543 2597 588 2661 δέ
606 2599 647 2661 οἱ
666 2601 787 2676 ζῶναι
811 2599 1078 2679 περιειλάδες
1101 2599 1368 2683 ε’στιείρηντο,

390 2707 433 2771 αλ
454 2697 528 2771 δύο
550 2707 625 2790 μὲν
646 2711 848 2790 γλαυκοῖο
872 2709 1163 2792 κελαινότεραι
1186 2707 1382 2792 κυάνοιο,

387 2817 474 2901 ήδὲ
495 2818 750 2902 μίαήαφαρή
772 2817 895 2882 τεκαὶ
919 2819 961 2882 ἐκ
985 2815 1113 2900 τυρὸς
1134 2809 1224 2883 οἷον
1247 2819 1422 2904 ἐρυθρή·

388 2924 506 3011 ήμέν
529 2930 599 3011 έην
621 2933 794 3012 μεσάτη,
819 2929 1019 2995 έκέκαυτο
1042 2929 1084 2994 δὲ
1107 2931 1212 2993 πᾶσα
1235 2928 1327 3014 περὶ

390 3038 622 3121 τυπτομένη
639 3042 908 3121 φλογμοῐσιν,
933 3037 1025 3103 ἐπεί
1047 3039 1094 3124 ῥά
1111 3039 1293 3124 έμαῖραν
1316 3037 1383 3104 ὑπ’

711 3144 840 3230 αὐτήν
1432 3165 1447 3212 5

390 3257 642 3340 κεκλιμένην
665 3253 829 3334 άκτλνες
852 3255 1065 3343 άειθερέες
1086 3259 1314 3343 πυρόωσιν·

392 3367 437 3431 αλ
455 3367 497 3433 δὲ
520 3366 601 3430 δυίο
625 3367 825 3452 ἑκάτερθε
847 3367 990 3444 μόλοις
1012 3381 1356 3454 περιτετιτηυλαι,

392 3475 474 3540 αιέλ
497 3478 738 3560 φρικαλέαι,
762 3477 843 3541 αἰεὶ
866 3476 898 3542 δ’
921 3476 1044 3543 ὕδατι
1066 3478 1311 3562 μογέουσαι·

392 3583 437 3678 οὐ
475 3583 552 3669 μήν
591 3584 716 3670 ὕδωρ,
756 3585 842 3651 ἀλλ’
884 3585 1007 3664 αὐτὸς
1045 3585 1108 3652 ἀπ’
1149 3586 1386 3674 οὐρανόθεν

419 3779 421 3783 ,
594 3683 598 3692 ⁸
713 3698 971 3780 κρύσταλλος

348 3893 351 3901 Ι
392 3817 524 3872 κεῖται
548 3803 767 3888 άνάτιεσχε·
793 3808 1045 3888 τιερίψυκτος
1068 3807 1111 3872 δέ
1133 3807 1335 3876 τέτυκται.
1419 3826 1450 3874 10

393 3912 493 3980 άλλά
521 3914 568 3980 τά
595 3917 668 3999 μὲν
701 3927 872 4000 χερσαῖα
900 3917 966 3981 καὶ
995 3914 1154 4002 άμβατα
1182 3900 1342 4005 ἀνθρά-

713 4043 843 4091 ττοισι·
992 4037 997 4045 “

378 4297 405 4356 1)
426 4297 568 4358 Suidaev.
587 4296 740 4363 τεταμένον
760 4304 820 4353 κτλ.
906 4302 934 4367 2)
953 4304 1066 4354 Lumine
1083 4303 1131 4354 illo
1150 4303 1285 4367 galaxiam
1304 4304 1450 4368 significari

309 4363 439 4414 Boeckhii
455 4369 497 4415 est
515 4367 660 4430 sententia,
678 4369 715 4418 kl.
734 4370 810 4420 θοὴν.
829 4370 871 4422 ΠΙ
888 4389 913 4437 p.
932 4374 989 4422 268.
1008 4376 1057 4422 303
1070 4389 1128 4436 sqq*
1143 4415 1145 4418 .
1159 4372 1256 4421 Fateor
1271 4374 1358 4422 virum
1377 4385 1448 4426 sum·

311 4447 381 4485 mum
395 4448 450 4484 non
461 4448 572 4500 prorsus
586 4435 652 4486 mihi
663 4439 840 4502 persuasisse.
943 4438 969 4504 3)
989 4439 1028 4490 Cf.
1049 4438 1159 4489 Boeckh
1176 4455 1201 4504 p.
1220 4443 1277 4492 310.
1510 4447 1515 4457 '
