3324 5074
480 385 483 393 ’
516 421 696 474 monacas
717 420 821 472 snnrs
840 421 1062 473 FRAGMAN'I'A
1299 420 1356 482 117
1505 404 1512 416 ’

220 591 365 671 φιστοῖν,
387 586 459 671 ἥτις
481 583 545 650 tuot
566 584 628 671 τήν
650 585 751 652 πόλιν
772 587 1032 670 πολυθρύλητος
1055 586 1203 669 ἐγένετο,
1233 581 1254 671 ἢ
1276 583 1356 670 παρ’
1462 583 1465 590 ’

218 697 324 762 ἄλλον
347 693 468 781 μαθών
490 707 559 772 τοῖς
578 696 720 780 ἑταίροις
735 697 888 782 clusiriae:
915 700 986 762 Ae.
1000 690 1120 779 αὐτός,
1145 690 1172 761 oi
1192 696 1358 779 Τιμόκρα-

218 831 281 891 τες,
303 810 487 891 μετασχών.
538 809 631 869 ΤΙΜ.
660 795 715 889 ἀρ’
739 797 804 870 οὖν
827 806 1001 889 ἐθελήσεις
1023 803 1079 871 καὶ
1106 803 1187 890 ἡμῖν
1208 808 1276 869 τῶν
1298 828 1358 868 κα-

219 915 289 980 λεῖν
313 916 550 981 ἐπικυλικελων
573 914 683 997 λόγων
705 917 909 999 μεταδοῦναι
933 954 973 962 -

302 1027 390 1110 τρῖς
412 1023 442 1088 δ’
466 1022 818 1109 ἀπομαξαμένοισι
840 1024 934 1088 θεοὶ
957 1024 1151 1116 διδόασιν
1173 1023 1367 1109 &parvom

167 1191 171 1198 .
219 1133 264 1212 ὥς
284 1135 352 1202 πού
374 1153 479 1218 φησιν
505 1130 524 1199 ὁ
547 1137 740 1217 Κυρηναῖος
766 1134 904 1217 ποιητής
925 1173 966 1182 -
987 1128 1009 1217 η’
1032 1131 1111 1215 παρ’
1139 1132 1247 1198 ἄλλου
1269 1138 1360 1208 τινὸς

218 1241 525 1310 ἀναπυνθάνεσθαι
548 1245 615 1321 ὃεῖ;

303 1354 381 1418 Veri
410 1352 549 1418 similius
579 1361 629 1418 est
658 1354 701 1416 ad
729 1351 979 1419 Eratosthenem
1013 1375 1110 1440 quam
1137 1353 1179 1417 ad
1208 1352 1358 1418 Callima-

217 1463 345 1546 chum¹)
368 1463 448 1527 haec
471 1473 635 1548 spectare3
659 1462 875 1550 nequeenim,
899 1471 935 1526 ut
950 1459 1277 1548 Schweighaeuserirs
1301 1463 1358 1527 ad-

217 1581 325 1653 notat,
352 1593 493 1656 unquam
523 1572 603 1636 alias
632 1571 687 1636 illa
710 1569 929 1656 appellatione
958 1571 1059 1636 utitur
1086 1571 1273 1636 Athenaeus
1302 1571 1359 1636 uhi

217 1681 259 1746 de
281 1679 479 1746 Callimacho
501 1681 658 1766 loquitur:
686 1691 796 1745 contra
820 1681 840 1744 l.
864 1681 898 1745 Il
921 1703 953 1767 p.
977 1682 1062 1746 36E
1086 1681 1143 1746 ubi
1165 1704 1276 1746 rursus
1300 1679 1359 1745 τὰν

216 1794 414 1874 Κυρηναῖον
436 1789 578 1874 ποιητήν
600 1789 711 1855 laudm
730 1788 978 1856 Eratosthenem
1002 1790 1083 1856 dicit
1106 1789 1159 1874 (fr.
1177 1791 1357 1874 XXXIV).

300 1902 419 1965 Veram
448 1922 486 1965 ac
514 1899 696 1987 simplicem
729 1900 825 1965 huius
855 1923 968 1966 versus
996 1900 1267 1985 significationem
1294 1901 1359 1964 iam

216 2003 373 2075 Erasmus
406 2012 590 2097 perspexit,
629 2008 808 2095 explicavit
847 2011 947 2074 enim:
988 2010 1135 2091 „indicat
1168 2008 1358 2074 Athenaeus

200 2121 339 2205 'priscos
361 2120 403 2183 ad
426 2116 621 2205 depellenda
643 2119 729 2182 mala
751 2118 863 2184 solitos
886 2129 936 2184 ter
959 2119 1163 2203 abstergeri“
1192 2118 1301 2206 (adag.
1324 2143 1356 2183 v.
1461 2157 1466 2168 ·

215 2229 379 2294 Modestia
401 2251 432 2313 p.
455 2227 516 2291 507
541 2226 592 2291 ed.
615 2225 760 2292 Wechel.
786 2227 892 2312 1643).
929 2228 1031 2313 Verg.
1046 2217 1128 2294 lien.
1145 2228 1193 2294 VI
1208 2227 1271 2293 229
1285 2251 1356 2314 sqq.

368 2364 450 2427 ι’ἀιηι
472 2367 529 2426 ter
549 2363 647 2426 sotios
663 2383 751 2443 puro
772 2364 962 2429 circumtulit
982 2365 1071 2428 uude

366 2491 518 2554 spurqeus
540 2491 609 2535 rore
632 2471 690 2536 leui
711 2476 740 2536 et
759 2493 851 2537 rouro
870 2474 971 2554 felicis
993 2474 1092 2538 oliuae

368 2582 571 2662 lustravitque
591 2583 676 2646 uiros
697 2582 836 2663 dixitque
857 2585 1029 2648 αοοῖεεῖιαα
1049 2584 1153 2648 uerba.

215 2713 351 2804 Antiph.
374 2715 463 2804 apud
485 2716 564 2780 Ath.
589 2716 623 2779 X
645 2739 676 2802 p.
691 2718 796 2782 4410
819 2717 914 2800 μέχρι
936 2715 1001 2798 γὰρ
1023 2721 1147 2798 τριῶν
1171 2716 1260 2801 (δεῖν
1281 2717 1355 2782 add.

215 2825 421 2909 Dindorfius)
438 2841 522 2909 φασι
536 2827 638 2907 τιμᾶν
652 2823 730 2898 τούς
743 2825 855 2900 θεούς.
883 2826 990 2919 Geop.
1007 2824 1058 2888 Xl
1076 2825 1114 2889 18
1134 2824 1357 2908 Ζωροάστρης

215 2936 251 2999 δὲ
275 2934 377 3016 λέγει,
407 2933 462 2998 ἐπὶ
485 2929 643 2997 ἐνιαυτὸν
671 2931 730 2996 ἕνα
758 2933 803 3018 μὴ
831 2932 947 3016 ἀλγεῖν
974 2929 1052 3008 τούς
1073 2930 1273 3016 ὀφθαλμούς
1297 2933 1356 2996 τὸν

216 3045 254 3109 ἐν
283 3042 427 3123 πρώτοις
455 3042 572 3107 cetura
600 3037 656 3106 ἐπὶ
686 3046 747 3106 τοῦ
775 3047 887 3123 φυτοῦ
915 3046 1101 3127 μεμυκυίας
1128 3043 1279 3117 κάλυκας
1300 3043 1356 3106 καὶ

214 3152 352 3236 τρισὶν
375 3154 409 3229 ἐξ
432 3149 545 3216 αὐτοῖν
567 3148 887 3235 ἀπομαξάμενον
909 3151 949 3216 roi
973 3152 1055 3236 ῥόδα
1079 3150 1354 3234 καταλιπόνταῧὶ)

203 3262 254 3350 ln
276 3255 432 3326 solienda
453 3270 560 3324 antem
584 3283 622 3324 ea
644 3245 845 3348 quaestione,
869 3284 932 3347 quo
954 3262 1050 3326 modo
1072 3264 1273 3326 Timocrates
1295 3264 1355 3326 hac

215 3372 376 3435 sententia
397 3373 442 3433 ita
464 3373 510 3434 uti
533 3371 638 3456 possit
659 3382 695 3434 ut
718 3369 921 3435 Athenaeum
943 3372 984 3434 ad
1008 3372 1187 3436 narrandos
1216 3371 1355 3436 erudito·

213 3504 284 3545 rum
307 3500 468 3544 sermones
485 3488 680 3565 permoveat,
704 3479 851 3554 diversas
867 3482 936 3544 vias
952 3482 1094 3544 inierunt
1108 3482 1222 3545 Iunius
1243 3480 1353 3567 (adag.

214 3614 245 3655 v.
269 3589 454 3656 Industriae
476 3613 507 3676 p.
530 3589 593 3653 369
616 3588 666 3651 ed.
690 3588 819 3674 Wech.)
843 3600 875 3652 et
898 3589 1120 3660 Casanbonns.
1160 3590 1273 3655 lunius
1297 3592 1352 3657 ab·

214 3699 310 3763 surde
333 3701 483 3787 opinatus
515 3708 564 3762 est
586 3698 802 3763 Timocratem
830 3699 931 3764 verba
958 3699 999 3762 de
1025 3723 1059 3764 se
1086 3703 1158 3787 ipso
1180 3722 1350 3784 usurpare:

212 3831 300 3893 „non
327 3808 512 3894 patiebatur
540 3831 574 3872 se
602 3808 732 3873 excludi
760 3809 801 3873 ab
830 3831 868 3874 ea
897 3810 1064 3875 auditione
1097 3822 1250 3895 tanquam
1280 3831 1367 3895 pro--

213 3919 325 3983 fanum
355 3926 387 3980 et
414 3920 641 4003 mysteriorum
670 3921 853 4003 cognitione
875 3921 1083 4004 indignum.‘,‘
1128 3920 1233 3999 Quam
1255 3920 1351 3982 inter-

212 4027 425 4115 pretationem
446 4025 594 4092 refellere
616 4030 675 4092 vix
697 4051 778 4115 opus
801 4040 865 4094 est:
889 4053 929 4095 ne
951 4051 1051 4092 unum
1069 4028 1351 4115 quidemverbum

211 4138 274 4202 hoc
304 4136 375 4202 loco
413 4135 454 4200 de
486 4138 659 4224 mysteriis.
714 4137 830 4225 Itaque
865 4148 952 4205 reete
984 4137 1195 4204 Oasaubonus
1226 4141 1353 4203 censuit

213 4269 343 4312 versum
365 4245 407 4309 ad
423 4246 671 4312 Athenaeum
693 4247 899 4313 referendum
922 4270 993 4314 esse
1016 4259 1048 4312 et
1064 4270 1084 4311 a
1099 4248 1283 4313 Timocrate
1304 4248 1352 4310 ita

214 4379 414 4388 ---..--.-·--

282 4435 307 4500 1)
325 4435 397 4487 Huic
414 4434 555 4487 Bentleius
574 4449 680 4486 versum
699 4435 804 4498 tribuit,
822 4434 856 4486 fr.
878 4438 935 4490 189.
1013 4439 1039 4500 2)
1058 4435 1099 4486 Cf.
1117 4437 1241 4488 Dioscor.
1261 4435 1274 4484 I
1293 4437 1350 4487 152.
