3354 5076
697 416 906 468 MERCVRIVS
1333 412 1375 478 59

316 583 345 647 3.
370 582 511 665 ύαφαοά
525 582 562 645 Β.
597 581 645 647 Of.
662 582 815 646 lllcineke
831 583 872 646 de
888 584 995 670 Euph.
1013 587 1082 648 vita
1097 591 1129 648 et
1144 607 1205 648 sor.
1221 606 1252 669 p.
1270 585 1320 648 71.
1336 621 1376 630 -
1432 608 1434 616 ’

234 693 271 758 ἐκ
294 689 403 776 πυρὸς
425 691 508 756 Ach.
533 700 564 755 et
587 691 746 757 Heracliti
771 693 864 757 codd.
882 693 956 758 AD.
981 695 1126 775 ἔκπνοος
1140 695 1179 758 Β.
1209 695 1249 758 cf.
1274 694 1376 778 Verg.
1444 768 1453 776 .

232 823 356 867 corusco
378 823 497 884 εοκηκαν
518 803 579 868 sole
597 805 725 869 ,rubeae
770 801 1118 883 Quae'Eratosthenes
1147 803 1200 868 hic
1229 813 1261 869 et
1282 825 1331 867 vs.
1356 805 1376 866 2

233 912 274 977 de
309 912 471 976 coloribus
501 912 642 998 profert,
676 923 765 978 recte
795 912 1020 999 intellegemus
1054 913 1083 977 si
1114 913 1375 998 reputaverimus

233 1022 410 1087 secundum
432 1032 548 1107 poetae
569 1022 731 1088 fictionem
746 1024 942 1089 Mercurium
959 1045 1001 1088 ex
1017 1024 1175 1088 immensa
1189 1023 1374 1110 longinqui-

232 1141 300 1196 tate
322 1140 441 1196 terram
465 1133 661 1218 conspicere.
707 1132 758 1197 Of.
782 1132 897 1198 Claud.
923 1134 963 1198 de
985 1143 1082 1220 raptu
1103 1133 1196 1198 Pros.
1219 1133 1331 1198 1259.

317 1242 428 1328 4sqq.
456 1243 502 1306 ita
534 1243 732 1310 exhibentur
764 1244 798 1306 in
831 1243 969 1309 Achillis
997 1244 1108 1308 codice
1138 1243 1373 1308 Laurentiano:

233 1350 356 1436 ἡμὲν,
385 1353 591 1436 ἔηνμεσύτη
613 1353 881 1438 περιτυκτομένη
908 1355 1125 1436 φλογμοῐσιν·
1156 1349 1288 1443 ἀκτῖνος
1310 1355 1374 1434 γὰρ

233 1466 346 1526 πᾶσαν
368 1460 537 1546 detescas
552 1455 737 1546 reprimam.
774 1463 813 1526 αἱ
831 1460 869 1526 δὲ
884 1461 955 1526 δύω
971 1461 1132 1544 ἑκάτερθε
1147 1462 1262 1538 κόλοις
1277 1483 1374 1545 περι-

233 1561 427 1656 κεντηυῖαι·
452 1571 748 1657 attemptantem·
771 1570 813 1638 ού
827 1568 895 1656 μὴν
910 1571 1020 1656 ὕδωρ·
1039 1567 1114 1636 ἀλλ’
1131 1569 1245 1648 αύτός;
1270 1569 1372 1654 ούρα-

233 1675 377 1765 νόθενμε
399 1685 604 1766 ascraeum
626 1693 732 1746 κεῖται
753 1682 978 1767 κρύσταλλος·
1003 1679 1087 1746 ἀλλὰ
1110 1679 1149 1745 τοὶ
1171 1680 1233 1767 μὲν
1256 1684 1325 1747 κτλ.

316 1794 338 1857 4
359 1793 450 1856 deest
475 1794 562 1879 apud
585 1794 663 1863 Her.
689 1832 729 1841 -
759 1794 819 1877 εήν
841 1794 915 1859 vat:
937 1831 977 1848 ..
999 1793 1124 1878 μεσοίτη
1148 1794 1246 1857 Laur.
1269 1795 1375 1877 μέσην

233 1903 344 1987 Vat')
369 1942 409 1950 -
432 1923 508 1986 περι
533 1902 620 1986 (cum
643 1905 832 1986 τυπτομένη
848 1905 1083 1988 coniunctum)
1114 1901 1252 1967 Achillis
1280 1902 1374 1968 codd.

159 2040 168 2052 Χ
232 2013 315 2096 τυρλ
336 2013 552 2098 Victorius.²)
596 2014 690 2098 περὶ
714 2011 790 2097 πρὸ
814 2013 1002 2080 emendavit
1024 2012 1170 2097 Scaliger
1196 2012 1237 2076 ad
1260 2011 1374 2076 Manil.

231 2146 263 2209 p
286 2123 358 2188 354.

316 2235 347 2298 5.
381 2256 554 2318 τυφομενη
571 2233 743 2319 Emperrus
760 2256 870 2319 opusc
887 2257 919 2319 p.
934 2235 1006 2299 306.
1037 2233 1075 2298 Id
1093 2234 1232 2298 fortasse
1248 2256 1374 2316 verum,
1410 2293 1414 2304 .

232 2365 336 2429 neque
359 2352 465 2407 tamen
481 2365 714 2408 necessarium
738 2366 813 2408 nam
829 2364 967 2408 τυπτειν
989 2354 1025 2408 ut
1012 2344 1088 2408 de
1103 2344 1249 2408 odoree
1265 2343 1319 2407 de
1327 2344 1374 2407 lu-

232 2455 329 2537 mine,
353 2455 399 2518 ita
413 2452 500 2517 haud
518 2454 644 2518 minore
666 2455 736 2518 iure
759 2455 856 2518 otiam
879 2454 918 2519 de
939 2455 1055 2518 ardore
1077 2455 1143 2518 diei
1166 2463 1285 2541 potest.
1323 2454 1374 2522 cf.

233 2565 371 2650 Emped.
395 2563 482 2650 apud
497 2563 584 2628 Plut.
608 2563 649 2627 de
671 2564 754 2628 facie
776 2566 810 2628 in
825 2565 903 2628 orbe
924 2564 1021 2628 lunae
1042 2588 1073 2651 p.
1090 2565 1196 2630 9291}
1220 2561 1264 2641 ὡς
1286 2561 1373 2648 aalys}

176 2663 181 2670 ¹
232 2673 365 2751 τύψασα
381 2676 559 2757 σεληναίης
574 2674 702 2738 κύκλον
718 2671 833 2757 εὐρύν.
864 2675 963 2760 Eryc.
975 2677 1007 2739 in
1020 2674 1108 2740 anth.
1122 2675 1374 2757 Pa1.1X558,3

233 2782 319 2869 ddpci
338 2784 413 2867 ,γάρ
441 2807 501 2867 μιν
529 2785 629 2862 ἔτυψε
663 2783 771 2848 λύκου
805 2789 1129 2868 χιμαροσφακτῆρος.
1158 2823 1199 2832 -
1229 2783 1305 2878 ε’κελΙ
1331 2785 1373 2868 ῥὰ

233 2894 249 2960 ἑ
269 2897 394 2979 μαίμαν
416 2895 513 2958 Matr.
539 2895 611 2958 ἐπεὶ
634 2893 676 2976 dd
698 2895 716 2957 ἕ
735 2898 869 2978 μαῦραν
891 2895 928 2958 Β.
955 2893 1026 2958 ἐπεὶ
1049 2895 1092 2979 ῥά
1114 2892 1130 2958 ἑ
1150 2904 1274 2978 μοῖραν
1295 2893 1373 2958 Ald.

233 3004 306 3069 ἐπεὶ
335 3002 376 3086 ciri
405 3015 527 3087 μοῖραν
554 3004 596 3067 Ι).
640 3003 884 3090 ἑπιρασμοῐραν
917 3005 1024 3091 vaass)
1075 3004 1244 3092 Scriptura
1277 3028 1375 3090 quam
1451 3050 1454 3056 »

233 3113 406 3198 Matranga
428 3112 562 3200 praebet
591 3115 669 3199 quin
691 3114 832 3198 genuina
860 3117 903 3178 sit
922 3113 1020 3199 plane
1042 3137 1107 3179 non
1130 3115 1255 3196 dubito,
1279 3113 1374 3179 modo

233 3226 377 3308 corrigas
401 3224 597 3306 accentus.⁴)
634 3235 738 3306 μοῖρα
754 3233 803 3286 est
826 3223 987 3288 canicula:
1013 3225 1054 3288 cf.
1073 3225 1203 3308 Orinag.
1227 3225 1261 3287 in
1284 3225 1373 3288 auth.

233 3333 302 3398 Pal.
332 3333 380 3398 IX
406 3333 484 3414 555,
507 3333 536 3398 5.
581 3334 691 3419 Atque
723 3335 807 3396 hanc
839 3355 952 3396 vocem
987 3335 1083 3397 etiam
1117 3335 1158 3398 ad
1190 3334 1374 3418 generalem

233 3465 363 3506 sensum
386 3444 490 3508 fuisse
512 3443 703 3508 translatam
718 3445 810 3508 testis
828 3452 877 3506 est
892 3442 1093 3529 Hesychius:
1118 3455 1255 3528 putpu·
1280 3445 1375 3509 κύων

233 3553 270 3617 τὸ
303 3533 444 3638 ἄστρον,
477 3551 499 3637 ἢ
529 3553 804 3637 ἀκμαιότατον
837 3557 987 3635 καῦμα,
1026 3557 1094 3618 κτλ.
1140 3554 1396 3619 Eratosthenes

232 3665 332 3746 igitur
364 3665 513 3749 quaesita
547 3663 687 3748 quadam
720 3663 859 3728 audacia
891 3665 995 3728 utitur
1027 3687 1065 3728 ea
1097 3665 1138 3729 ad
1171 3664 1248 3730 solis
1281 3665 1374 3729 ardo-

232 3795 301 3836 rem
324 3773 590 3857 significandum:
619 3774 680 3837 hoc
707 3795 786 3837 vcro
815 3782 851 3838 ut
872 3765 1011 3857 faceret,
1040 3797 1076 3838 eo
1099 3774 1229 3838 facilius
1253 3773 1374 3840 adduci

233 3892 371 3967 poterat,
396 3884 471 3967 quia
492 3883 565 3968 ipsa
587 3905 667 3947 voce
690 3886 815 3966 σείριος
837 3906 901 3948 non
930 3882 1033 3948 solum
1056 3882 1236 3947 caniculam
1259 3905 1373 3947 verum

302 4109 437 4195 1)μὲσση
459 4114 582 4164 Vrsinus,
687 4113 806 4178 2)κνρλ
829 4106 942 4178 npicj.
964 4115 1102 4164 Petavius.
1206 4107 1269 4178 3)'
1256 4115 1322 4166 sast'
1338 4110 1374 4180 όα

232 4171 355 4244 ύνανροι
378 4174 424 4231 ἐτ’
448 4173 539 4246 αὐτὴν
563 4177 728 4244 κεκλιμέναι
752 4181 785 4244 cj.
809 4183 1011 4266 Bernhardyus,
1034 4182 1147 4232 molesto
1165 4183 1242 4232 hiatu
1213 4188 1291 4232 tet
1314 4199 1371 4233 cae·

233 4264 298 4299 sura
309 4248 489 4299 rntolerab1lr
509 4250 543 4298 et.
556 4251 684 4314 Naekep.
697 4253 728 4299 31
743 4265 802 4314 sqq
831 4239 1155 4316 taslpaopepdvdvs'u'
1177 4245 1374 4314 crisparentu-

232 4312 317 4396 μένοι
336 4317 482 4367 Mehlerus
580 4318 607 4381 4)
625 4317 723 4367 Nullus
743 4317 811 4382 quod
834 4319 917 4366 sciam
936 4323 1027 4367 exstat
1049 4317 1126 4368 locus
1150 4319 1196 4382 qui
1220 4319 1375 4384 comprobet

232 4385 265 4501 ll
279 4384 613 4507 λιὲοὲνηόᾚολῖοὸοιμῃίηο
626 4403 643 4436 α
656 4385 774 4436 litteram
787 4385 913 4456 produci,
932 4385 1070 4440 mulierum
1090 4401 1186 4436 nomen
1199 4387 1300 4453 Murco
1319 4394 1373 4436 est:
