3354 5076
654 381 864 434 naacvmvs
1291 381 1329 445 17

190 549 365 615 ἐκδεκτέον
388 539 453 614 οὖν
476 546 532 613 καὶ
554 549 592 614 τὸ
615 549 697 633 παρ’
717 547 950 633 Ἐρατοσθένει
972 549 1010 614 ἐν
1031 554 1078 637 τῷ
1095 547 1198 635 Ἑρμῇ
1220 555 1328 634 θηλυ-

186 664 254 736 κοῖς
275 661 432 745 εἰρῆσθαι

742 776 877 864 βαθδς
899 778 1122 862 διαφύεται
1146 777 1284 890 udicio

184 911 260 977 α’ντὶ
275 918 337 978 τοῦ
352 917 488 997 βαθεῖα,
504 914 660 999 καθάπερ
676 915 806 997 λέγεται
820 919 932 997 θῆλνς
947 916 1045 999 ἐέρση
1060 915 1156 1000 (Hes.
1171 915 1223 981 Sc.
1238 917 1328 1001 395).

270 1023 497 1090 Eratosthenis
520 1024 761 1089 hemistichium
791 1025 922 1111 „potnit
945 1027 978 1090 in
1001 1025 1138 1090 historia
1160 1026 1201 1090 de
1223 1027 1329 1092 bobus

183 1133 339 1198 sublectis
362 1138 567 1218 occurrere“,
595 1133 681 1221 quod
705 1133 939 1222 Bernhardyus
962 1135 1048 1200 haud
1070 1135 1330 1221 improbabiliter

181 1242 319 1346 adnotat
340 1249 386 1331 (p.
412 1247 503 1328 13t):
526 1267 602 1310 nam
715 1239 733 1266 ⁴

268 1378 376 1444 πολλοὶ
397 1373 460 1465 ὅρη
482 1380 640 1445 σκιόεντα
662 1379 718 1446 καλ
741 1376 898 1456 αὐλῶνας
919 1377 1137 1457 κελαδεινοὺς

270 1486 324 1552 καὶ
337 1488 426 1554 πεδί’
438 1487 648 1580 ἀνθεμόεντα
660 1489 800 1573 διήλασε
813 1485 1079 1574 κύδιμοςἙρμῆς
1091 1491 1139 1570 (h.
1151 1488 1249 1558 Hom.
1260 1491 1326 1575 95).

183 1623 231 1688 M.
257 1624 457 1689 Schmidtins
481 1625 611 1708 (Rhein.
628 1625 714 1690 Mus.
730 1625 779 1689 VI
797 1626 878 1689 1848
893 1648 926 1712 p.
941 1626 1019 1710 411)
1042 1625 1143 1690 verba
1163 1625 1205 1689 ab
1228 1625 1330 1690 Athe-

183 1755 270 1799 naeo
291 1736 391 1800 citata
413 1735 454 1799 de
470 1733 681 1821 Gargaphiae
703 1735 790 1800 valle
813 1737 867 1817 (fr.
885 1734 989 1819 XIII)
1011 1735 1099 1800 diota
1114 1757 1185 1799 esse
1200 1735 1331 1819 conicit,

183 1865 285 1930 quam
306 1843 458 1930 Hyginus
481 1845 708 1930 opacissimam
730 1855 827 1910 vocat
848 1846 931 1930 (fab.
957 1846 1038 1928 181).
1343 1865 1345 1871 ’

273 1953 371 2035 Quod
387 1953 429 2018 ad
444 1976 547 2038 genus
563 1953 795 2018 vocabulorum
810 1951 923 2036 βαθύς
941 1951 1057 2019 αὐλών
1076 1956 1203 2037 attinet,
1226 1956 1328 2020 Athe-

183 2085 288 2126 naeus
310 2063 451 2128 fallitur:
481 2085 557 2128 narn
584 2084 658 2126 oum
683 2062 757 2132 aliis
780 2073 948 2150 poetarum
977 2062 1056 2128 loeis
1085 2064 1128 2127 de
1149 2065 1330 2131 masculino

182 2195 305 2258 genere
321 2174 463 2238 dubitari
477 2195 542 2237 non
558 2174 673 2259 possit,
695 2194 800 2259 neque
816 2175 868 2236 hic
883 2194 987 2259 neque
1005 2173 1039 2236 in
1056 2195 1153 2238 versu
1168 2174 1330 2240 Nicandri

183 2305 284 2369 quem
311 2283 468 2347 Aelianus
497 2282 539 2345 de
566 2293 634 2346 nat.
664 2304 715 2346 an.
746 2282 779 2345 X
806 2283 849 2346 49
877 2283 986 2347 adfert
1019 2280 1173 2367 (αὐλῶνα
1199 2285 1329 2368 βαθύν)

100 2375 102 2380 ’
183 2391 296 2473 βαθύς
317 2391 372 2456 illa
395 2393 519 2457 ratione
541 2389 940 2477 explicarinecessarium
964 2402 1025 2458 est.
1062 2393 1113 2458 Cf.
1131 2396 1163 2459 h.
1179 2394 1279 2459 Hom.
1297 2398 1330 2459 in
1367 2401 1369 2410 ’

185 2503 288 2568 Merc.
312 2502 363 2566 95.
399 2501 564 2589 Lycophr.
586 2501 647 2565 387
664 2523 710 2586 sq.
742 2501 952 2567 Recentiores
976 2504 1099 2569 omitto.

732 2739 785 2802 IX

272 2866 391 2949 Pollux
413 2881 481 2948 VII
503 2882 546 2946 90
566 2881 728 2966 μέμνηται
752 2881 788 2947 δὲ
811 2883 867 2946 καλ
890 2886 1074 2965 φαικασίον
1103 2881 1141 2948 έν
1163 2889 1209 2968 τῷ
1226 2881 1343 2976 ἘρμῇΙ

181 2991 438 3078 Ἐρατοσθένης·

233 3171 236 3178 =
272 3128 401 3213 τέλμα
424 3127 787 3213 τοτιρροΐττεσκεν
810 3130 1000 3215 ἐλαφροῦ
1025 3130 1328 3215 φαικασίοιο.“).

271 3263 460 3348 ῥάττεσκεν
471 3263 625 3347 ἐλαφροῦ
636 3264 713 3328 τοτλ
726 3264 832 3347 τέλμα
843 3267 1037 3347 φαικασίοις
1048 3265 1153 3329 codex
1162 3264 1328 3327 Parisinus

184 3376 225 3438 A.
249 3373 331 3437 τοδὶ
353 3373 520 3457 κρούεσκε
543 3372 882 3458 Falokenburgianus.
910 3375 1019 3457 τέλμα
1042 3373 1118 3438 τοτὶ
1140 3372 1329 3457 ῥάττεσκεν

186 3485 342 3568 έλαφροῦ
365 3486 550 3567 φαικασίον
572 3485 673 3549 editio
696 3482 830 3563 Aldina,
854 3485 946 3548 cuius
969 3485 1155 3548 auctoritati
1178 3485 1207 3548 si
1229 3484 1328 3548 fidem

184 3593 375 3675 habeamus,
399 3595 563 3658 emendari
586 3595 690 3681 possit
711 3615 807 3657 sensu
828 3615 892 3658 non
915 3594 1052 3658 multum
1074 3601 1199 3658 mutato
1221 3594 1329 3676 τέλμα

31 3692 61 3766 ’.
185 3703 263 3768 τότι
287 3702 474 3787 ροίττεσκεν
502 3705 554 3788 (nt
577 3704 789 3789 praecesserit
811 3703 998 3786 obiectum).
1042 3701 1329 3787 τοτιρροὶττεσκεν

186 3811 365 3878 Salmasius
397 3822 430 3877 et
456 3812 631 3877 Bekkerus
662 3814 719 3896 (ex
745 3813 911 3878 codicibus
939 3822 976 3877 ut
1004 3814 1158 3898 videtur).
1204 3813 1327 3876 Versus

185 3924 324 3987 omissus
347 3924 453 3986 estin
475 3922 587 3986 codice
610 3923 844 4009 Antverpiensi
871 3945 969 4009 quern
991 3923 1142 3986 Kiihnius
1165 3919 1327 3990 adhibuit.

272 4032 363 4113 Quia
380 4032 555 4116 fragmenti
569 4032 586 4095 I
607 4031 851 4116 finecognitum
866 4032 1033 4114 habemus,
1053 4033 1096 4095 ab
1112 4031 1329 4096 Eratosthene

184 4143 405 4208 narrationem
421 4141 462 4206 de
472 4139 635 4226 Apollinis
651 4143 758 4208 bubus
774 4142 860 4206 furto
877 4142 1001 4207 abactis
1018 4141 1200 4228 expositam
1216 4141 1327 4222 fuisse,

185 4315 389 4324 -.-.--—--

257 4419 283 4478 1)
302 4416 342 4500 D.⁰
361 4433 468 4469 numero
487 4410 567 4470 huius
585 4417 731 4475 hexametri
749 4433 775 4470 v.
793 4415 887 4488 Naeke
906 4431 997 4482 opusc.
1017 4420 1044 4470 11
1062 4434 1089 4484 p.
1111 4417 1166 4467 loo.

235 4506 397 4551 Eratosthenes.
1110 4505 1125 4554 2
