3324 5074
340 357 350 417 l
362 355 398 416 12
823 357 987 409 ERIGONA

335 519 461 607 οἷνοςῆ
476 521 648 608 πυρώδης·
672 517 788 601 οἶνος
809 528 860 610 τῷ
882 525 978 608 πυρὶ
1001 519 1094 589 ἴσον
1116 527 1197 609 ἔχει
1217 527 1356 608 μένος·
1381 525 1480 612 Ἐρα-

333 631 507 719 τοσθένης.

418 745 476 812 Vs.
495 747 523 808 1.
552 739 645 822 οἶνός
659 767 711 808 τοι
726 745 808 826 πυρί
824 744 958 810 Stobaei
973 745 1067 809 codd.
1084 743 1271 811 Sohowiani
1285 745 1478 814 ABEFG.

333 850 425 931 οἶνος
446 857 492 938 τῷ
514 855 598 938 πυρὶ
614 854 799 939 Hesychius
822 862 854 918 et
870 855 1030 919 Athenaei
1045 853 1140 920 codd.
1164 855 1241 920 Do.
1279 850 1372 932 οἶνος
1394 861 1477 940 πυρὶ

333 965 494 1030 Athenaei
515 964 610 1029 codd.
633 965 709 1029 BE.
748 958 840 1039 οἶνός
866 986 902 1027 τε
924 962 1007 1044 πυρὶ
1030 964 1163 1028 Stobaei
1185 965 1292 1030 codex
1313 965 1347 1030 S.
1384 962 1477 1043 οἶνός

332 1072 371 1137 s’
394 1070 432 1151 ὃς
447 1076 530 1158 πυρί
544 1073 705 1139 Clemens.
728 1111 771 1122 --
793 1071 922 1156 ἄνδρας
935 1074 1014 1137 Ath.
1031 1073 1081 1137 Ol.
1111 1072 1222 1158 ἄνδρα
1238 1074 1286 1140 St.
1311 1115 1349 1124 -
1373 1076 1475 1140 Bern-

282 1231 283 1236 .
331 1183 477 1270 hardyus
501 1184 627 1247 confert
648 1184 834 1268 fragmenta
855 1205 954 1246 carm.
978 1184 1078 1270 prr.
1109 1192 1141 1248 et
1164 1183 1361 1271 Panyasidis
1389 1188 1474 1272 apud

332 1295 409 1358 Ath.
424 1293 460 1358 ΙΙ
476 1316 507 1379 p.
522 1294 564 1358 35
579 1293 616 1358 O.
639 1294 679 1358 37
696 1294 737 1357 A.
783 1292 844 1358 His
867 1293 1003 1377 adiungi
1019 1303 1127 1381 potest
1149 1295 1251 1379 epigr.
1275 1293 1320 1359 ib.
1343 1319 1375 1381 p.
1390 1296 1474 1361 390

330 1399 443 1479 οἶνός
463 1426 527 1467 τοι
549 1405 698 1486 χαρίεντι
714 1400 813 1468 ,πέλει
834 1404 937 1484 μένας
957 1401 1058 1479 ἵππος
1078 1400 1183 1488 ἀοιδῷ
1205 1406 1276 1468 κτλ.
1303 1406 1474 1490 ¹Ceterum

330 1510 542 1578 memorabile
573 1520 623 1577 est
652 1513 695 1577 ab
723 1513 939 1578 Eratosthene
971 1514 1048 1601 poni
1082 1535 1133 1606 τοι
1164 1513 1375 1599 particulam,
1410 1537 1474 1601 qua

330 1623 547 1688 Callimachus
575 1624 609 1686 in
637 1622 835 1687 carminibus
865 1623 1027 1709 dactylico
1060 1632 1163 1687 metro
1190 1624 1380 1710 compositis
1408 1647 1472 1689 non

328 1736 438 1799 utitur.
454 1734 478 1817 ¹)

413 1844 444 1907 3.
473 1841 657 1925 βορίηςΟΙ.
686 1844 790 1925 βορῆς
805 1843 884 1911 Ath.
899 1841 1172 1910 cod.BetStob.
1189 1843 1261 1908 cod.
1278 1843 1311 1909 S.
1346 1846 1472 1928 βορρῆς

327 1953 405 2018 Ath.
422 1954 523 2018 editio
546 1951 678 2015 Aldina.
716 1954 844 2036 βορρᾶς
866 1951 1012 2016 Grotius.
1050 1953 1102 2017 cf.
1120 1952 1238 2044 ltro.
1277 1954 1405 2018 311195.
1429 1992 1471 2002 —

326 2060 366 2128 τοὶ
390 2062 428 2128 δὲ
451 2065 507 2126 καὶ
523 2062 572 2126 Cl.
589 2059 826 2126 Trincavellus.
864 2045 903 2125 nd
925 2061 962 2124 δὲ
981 2063 1143 2127 Athenaei
1164 2062 1260 2127 codd.
1283 2063 1394 2127 Bon.
1430 2061 1471 2128 τὰ

327 2175 365 2237 δέ
391 2194 442 2236 τοι
470 2172 629 2237 Athenaei
658 2170 709 2234 ed.
740 2170 869 2235 Aldina.
914 2171 954 2236 τὰ
982 2170 1019 2235 δὲ
1047 2163 1126 2254 atta}
1153 2171 1286 2237 Stohaei
1313 2173 1419 2238 codex
1446 2175 1469 2237 S

326 2335 413 2422 quod
435 2333 621 2398 Meinekius
644 2356 686 2397 ex
707 2280 759 2398 iol
781 2341 887 2396 ortum
909 2355 980 2396 esse
1002 2342 1103 2420 putat.
1131 2370 1166 2379 —
1192 2335 1305 2414 φαίνει
1323 2333 1400 2398 Ath.
1420 2335 1467 2399 st.

326 2444 435 2508 πάντα
458 2449 571 2526 φαίνει
594 2443 643 2506 Ol.
668 2480 705 2490 —
729 2444 782 2507 De
804 2444 967 2506 sententia
988 2442 1030 2511 of.
1049 2440 1167 2506 lacobs
1190 2442 1279 2506 anth.
1303 2441 1361 2506 Gr.
1378 2452 1401 2506 t.
1418 2443 1468 2506 VI

349 2605 355 2622 .
378 2555 451 2618 314.

324 2577 345 2641 p
408 2665 439 2731 4.
476 2685 538 2728 orn.
561 2663 611 2727 cl.
634 2663 721 2749 apud
744 2685 841 2746 quem
863 2660 953 2728 locus
977 2663 1025 2727 ita
1047 2664 1271 2727 continuatur:

767 2795 807 2862 τὰ
830 2798 868 2861 δέ
888 2799 943 2861 καί
966 2798 1179 2882 κεκρυμμένα
1202 2799 1313 2861 πάντα

407 2912 522 2992 φαίνει
543 2904 755 2994 ἁμαρτοεπής
776 2884 868 2983 οἶνος
887 2908 1078 2992 μεθύουσιν
1101 2905 1240 2984 ὅλισθος

406 3013 498 3093 οἶνος
518 3017 715 3102 φυχακοίτης
897 3015 898 3020 ’

322 3153 378 3217 καὶ
399 3149 440 3216 τὰ
455 3153 538 3236 ἑξῆς.
575 3150 783 3240 Sylburgius,
807 3151 944 3217 duorum
967 3162 1136 3240 poetarum
1158 3153 1246 3218 locos
1263 3176 1373 3234 errore
1388 3177 1462 3219 con-

320 3264 447 3328 iunctos
470 3285 542 3328 esse
563 3263 754 3345 arbitratus,
778 3264 927 3349 quamvis
951 3263 1138 3328 dubitanter
1160 3264 1368 3330 scribendum
1392 3272 1463 3329 ess'e

321 3374 460 3438 coniecit

826 3481 867 3562 τὰ
889 3485 926 3549 δὲ
949 3485 1005 3548 καὶ
1027 3484 1240 3567 κεκρυμμένα
1263 3486 1377 3567 φαίνει
1443 3541 1446 3548 .

320 3591 376 3657 καὶ
398 3591 501 3656 πάλιν

404 3722 495 3804 οἶνος
517 3723 737 3812 ἁμαρτοεττής,
760 3732 831 3792 κτλ.

238 3851 240 3858 ¹
318 3871 369 3933 Ac
390 3893 468 3935 sane
490 3872 559 3936 veri
574 3869 776 3936 simillimum
791 3880 851 3954 est,
874 3881 951 3936 ante
965 3867 1177 3958 ἁμαρτοεπὴς
1191 3872 1354 3937 excidisse
1369 3867 1461 3948 οἶνος

318 4003 442 4044 vocem.
484 3981 578 4045 Idem
608 3983 707 4047 etiam
728 3981 891 4066 Bergkius
914 3983 1106 4066 arbitratum
1136 3985 1195 4048 sed
1223 3985 1257 4046 in
1282 4004 1321 4048 eo
1344 4007 1364 4048 a
1386 3981 1459 4070 Syl-

318 4091 433 4174 burgio
463 4090 629 4174 dissentit,
658 4091 744 4177 quod
772 4093 881 4155 omnia
903 4092 1112 4157 Eratostheni
1140 4095 1257 4160 tribuit
1285 4102 1383 4180 atque
1413 4094 1460 4157 ita

281 4279 288 4287 ι
316 4198 422 4265 locum
445 4199 613 4265 constitnit
635 4200 685 4286 (II
707 4225 739 4290 p.
765 4201 836 4286 10):

387 4388 410 4453 l)
428 4388 552 4439 Meineke
570 4390 603 4439 ad
621 4388 723 4441 Gallim.
744 4407 768 4455 p.
788 4392 844 4441 143.
