3354 5076
738 1183 1036 1261 MEROVRIVS

405 1371 457 1434 De
478 1369 575 1434 huius
598 1369 751 1434 carminis
775 1377 966 1452 argumento
989 1368 1049 1431 vix
1077 1367 1142 1432 dici
1164 1377 1271 1452 potest
1293 1391 1390 1454 quam
1413 1369 1461 1431 di-

321 1501 435 1544 versas
458 1479 521 1545 viri
543 1478 632 1544 docti
654 1480 831 1542 sententias
860 1479 894 1542 in
916 1479 1058 1543 medium
1087 1477 1265 1542 attulerint.
1309 1479 1461 1543 Valesius

319 1612 361 1654 ex
386 1587 485 1653 schol,
514 1587 555 1652 Il.
579 1591 612 1651 a
635 1588 677 1650 24
704 1609 821 1674 poema
848 1587 1062 1652 historiam
1091 1610 1241 1652 omnem
1269 1588 1461 1652 Mercurii

318 1699 525 1785 complexum
541 1720 614 1762 esse
629 1707 750 1762 temere
765 1695 896 1781 collegit
912 1697 968 1782 (ad
985 1696 1146 1783 Harpocr.
1164 1699 1199 1762 ΙΙ
1214 1721 1244 1783 p.
1260 1699 1320 1762 100
1335 1699 1461 1781 Dind.).

318 1811 393 1874 Non
415 1809 522 1872 minus
550 1807 790 1871 inconsiderate
818 1807 968 1892 Heynius
996 1816 1129 1894 propter
1156 1807 1197 1870 lr.
1226 1807 1461 1872 XVII-XIX

319 1920 505 2005 suspicatus
528 1925 592 1998 est,
615 1916 865 1980 Eratosthenem
898 1917 931 1980 in
954 1916 1117 1982 Mercurio
1146 1918 1187 1980 (16
1216 1917 1460 2003 disciplina-

317 2052 400 2093 rum
431 2027 661 2113 originibus
691 2032 797 2110 egisse
826 2017 949 2110 (opusc.
979 2026 1070 2090 acad.
1100 2027 1171 2112 Ip.
1195 2027 1260 2110 96).
1314 2028 1461 2092 Comme-

317 2138 494 2202 morandus
529 2135 649 2200 deinde
682 2135 882 2218 Crenaerus,
922 2138 978 2220 qui
1014 2137 1242 2200 universam
1271 2144 1461 2206 ,veterum
1491 2146 1493 2154 '

318 2249 611 2332 Aegyptiorum
630 2247 851 2317 scientiam
872 2244 940 2309 illic
963 2254 1135 2310 tractatam
1156 2247 1258 2310 fuisse
1273 2245 1462 2312 adfirmavit

319 2355 446 2443 (Symb.
480 2379 511 2418 u.
544 2355 650 2441 Myth.
684 2354 720 2417 II
748 2379 779 2439 p.
810 2357 897 2438 111).
952 2355 1105 2419 Osannus
1139 2358 1315 2419 maximam
1346 2357 1461 2419 carmi·
1525 2347 1528 2352 ¹

317 2467 368 2528 nis
397 2473 524 2550 partem
560 2465 601 2526 in
634 2462 768 2527 eodem
801 2473 1037 2548 argumento
1071 2464 1175 2549 quod
1215 2467 1461 2529 tractaverit

317 2584 436 2638 antea
459 2576 608 2637 Aratus
631 2582 796 2636 versatam
813 2594 883 2636 esse
898 2575 1024 2638 censuit
1039 2574 1094 2658 (de
1109 2575 1200 2637 Erat.
1216 2573 1364 2658 Erigone
1377 2597 1410 2659 p.
1426 2576 1460 2657 9)

318 2686 411 2770 eique
434 2684 503 2747 fere
526 2682 708 2746 adsentitus
732 2692 781 2746 est
808 2683 972 2766 Bergkius
1002 2682 1088 2768 (allg.
1112 2683 1193 2747 Enc.
1222 2686 1280 2747 der
1302 2683 1402 2747 Wiss.
1426 2707 1458 2748 u.

317 2795 445 2858 Kiinste
467 2793 541 2857 182
555 2816 587 2878 p.
603 2793 692 2878 422).
729 2793 881 2879 Denique
902 2793 1034 2857 uberius
1057 2803 1281 2878 argumentum
1305 2793 1462 2857 Mercurii

318 2904 470 2990 exposuit
484 2900 718 2987 Bernhardyus
735 2905 791 2987 qui
805 2912 991 2988 poematum
1007 2905 1297 2969 astronomicorum
1313 2914 1463 2974 auctores

318 3035 490 3077 recensens
513 3012 593 3075 haec
610 3013 850 3096 pronuntiavit:
874 3037 956 3096 „vor
970 3013 1112 3078 anderen
1131 3015 1210 3078 aber
1225 3014 1459 3079 Eratosthenes
1530 3043 1537 3052 ¹
1660 3007 1661 3056 3

316 3125 361 3186 im
383 3122 667 3185 hexametrischen
686 3118 819 3204 Ἑρμῆς,
849 3123 906 3186 der
932 3146 996 3187 von
1024 3123 1088 3187 den
1110 3117 1288 3209 Anfangen
1313 3124 1461 3189 mensch·

317 3232 420 3297 licher
435 3233 545 3296 Kunst
560 3230 628 3294 und
641 3230 883 3296 Wissensohaft
897 3232 1085 3317 ausgehend
1102 3232 1154 3297 die
1169 3234 1461 3299 mathematisohen

318 3341 447 3406 Lehren
469 3351 606 3424 vortrug
628 3342 695 3405 und
717 3343 769 3405 (116
784 3341 947 3428 mythisch
963 3343 1215 3408 verscho'nerten
1231 3343 1461 3429 Erzahlungen

317 3473 383 3514 von
406 3452 470 3513 den
486 3450 711 3514 Sternbildern
727 3452 902 3517 einflocht“
925 3453 1120 3536 (Grundriss
1143 3454 1202 3516 der
1224 3453 1355 3519 Griech.
1379 3455 1459 3518 Litt.

195 3641 197 3647 s
316 3559 351 3624 11
374 3561 395 3622 2
417 3584 448 3643 p.
466 3560 550 3644 na).

402 3670 472 3734 Nos
495 3671 529 3732 in
551 3671 723 3734 tractanda
745 3671 806 3736 hac
821 3675 1011 3757 quaestione
1033 3676 1112 3738 satis
1136 3671 1264 3755 difficili
1287 3684 1384 3760 atque
1401 3677 1458 3738 im·
1485 3689 1493 3704 ·

317 3779 431 3866 pedita
453 3779 500 3841 sic
523 3763 675 3864 progredi
698 3781 902 3862 conabimur,
932 3794 968 3847 ut
990 3786 1130 3870 primum
1152 3793 1300 3846 veterum
1322 3785 1459 3871 scripto·

317 3911 389 3952 rum
415 3881 502 3952 locos
530 3889 584 3973 qni
607 3887 650 3951 ad
672 3870 871 3954 Mercurium
893 3887 949 3956 aut
977 3903 1089 3979 aperte
1111 3893 1275 3978 pertinent
1302 3903 1359 3959 aut
1386 3917 1459 3958 cum

318 3998 428 4084 aliqua
450 3997 683 4083 probabilitate
704 4001 852 4063 revocari
867 4012 1014 4086 possunt,
1039 4002 1259 4067 examinemus
1279 4012 1376 4089 atque
1397 4005 1458 4065 cir-

320 4108 582 4192 cumspiciamus,
606 4130 689 4193 quae
712 4110 918 4186 necessitudo
940 4112 1026 4175 inter
1048 4133 1103 4176 eos
1124 4112 1319 4178 intercedat:
1343 4112 1460 4176 deinde

220 4221 222 4224 ’
317 4239 396 4280 vero
426 4216 613 4297 videamus,
646 4218 724 4302 quid
760 4218 802 4282 de
836 4221 987 4284 carminis
1018 4231 1210 4306 argumento
1242 4221 1319 4284 inde
1349 4220 1459 4306 colligi

318 4327 431 4411 possit.
