3354 5076
200 363 217 392 ,
300 330 342 393 22
767 327 977 380 nsncvarvs

386 495 491 562 Schol.
515 495 624 582 Apoll.
648 497 727 579 Arg.
753 495 851 560 1143
880 496 1010 576 λέγεται
1034 495 1071 559 δὲ
1100 498 1214 570 ἴουλος
1242 490 1297 558 καὶ
1319 495 1444 576 θηρίον

302 607 482 672 πολύπουν
504 605 560 670 καὶ
584 600 671 680 εἶδος
694 601 793 690 ᾠδῆς,
816 601 864 678 ὥς
886 623 1013 687 φησιν
1033 603 1340 686 Ἐρατοσθένης.

385 716 446 780 Vs.
472 718 498 779 1.
528 712 548 798 ἡ
577 715 688 800 Etym.
712 714 859 780 Taetzes.
903 711 947 797 ἣν
969 715 1068 781 schol.
1093 713 1203 803 Apoll.
1232 709 1443 796 Articulusri
1541 731 1543 736 ’

301 830 347 892 ita
376 829 499 914 positus
529 824 670 891 orationi
697 825 844 910 poeticae
872 845 1055 911 repugnare
1082 825 1228 908 videtur;
1256 824 1444 910 recipienda

273 918 277 923 ⁵
301 938 403 1021 igitur
425 945 474 1001 est
497 935 618 1000 Naekii
640 933 823 1000 emendatio
850 935 977 1023 (opusc.
999 935 1017 998 Ι
1039 959 1069 1021 p.
1093 935 1149 1017 51)
1176 925 1198 1018 ᾗ
1225 957 1322 1020 quam
1349 928 1444 998 lectio

302 1071 322 1111 a
345 1045 444 1111 sehol.
467 1046 531 1132 Ap.
555 1044 677 1109 tradita
702 1033 798 1130 plane
820 1045 943 1111 firmat:
973 1067 1048 1139 nam
1078 1045 1267 1131 saepissime
1290 1069 1301 1108 ι
1323 1043 1442 1108 adscri-

303 1166 396 1242 ptum
418 1157 452 1220 in
475 1154 570 1219 aliam
593 1155 734 1221 litteram
751 1154 833 1220 falso
850 1164 1003 1220 mutatur.
1041 1137 1261 1240 Cogitandum
1277 1163 1337 1236 est,
1353 1175 1445 1240 prae-

302 1267 441 1331 cessisse
463 1265 731 1350 significationem
754 1265 825 1329 sive
848 1266 912 1330 vici
935 1267 1005 1330 sive
1028 1267 1154 1330 itineris
1177 1267 1248 1330 sive
1271 1264 1446 1348 aedium.¹)

302 1376 413 1440 Minus
435 1375 519 1440 bene
541 1373 710 1439 Iacobsius
734 1375 837 1456 (anth.
864 1375 922 1440 Gr.
946 1385 969 1438 t.
993 1375 1115 1461 Vllp.
1139 1376 1215 1458 314)
1238 1366 1282 1456 ἦν
1304 1373 1447 1438 scriben-

303 1486 381 1551 dum
403 1507 474 1550 esse
490 1486 632 1566 censuit3
655 1483 690 1548 id
706 1486 791 1548 enim
808 1485 835 1548 si
850 1488 1080 1570 reciperemus,
1103 1485 1145 1548 ad
1157 1483 1334 1549 nolendum
1349 1507 1446 1571 asyn-

291 1596 402 1660 deton
425 1595 609 1660 necessario
633 1591 664 1658 δ’
688 1593 798 1660 littera
819 1602 896 1658 ante
917 1592 1030 1679 ἤειδεν
1044 1594 1217 1660 inserenda
1240 1604 1340 1660 esset:
1363 1617 1446 1683 quae

305 1706 467 1790 scriptura
489 1706 523 1768 in
545 1703 767 1791 Etymologiei
789 1702 932 1768 editione
959 1705 1065 1791 prima
1087 1712 1211 1787 exstat,
1241 1704 1298 1768 sed
1327 1705 1446 1770 nullius

305 1815 509 1881 auctoritati-s
532 1823 599 1894 est,
628 1836 702 1878 curn
735 1812 864 1878 codices
892 1814 976 1895 DM,
1011 1814 1188 1879 scholiasta
1215 1813 1383 1900 Apollonii
1416 1824 1448 1880 et

305 1925 442 1990 Tuetzes
472 1921 505 1987 δ’
535 1924 617 1988 illud
644 1923 806 1989 omittant.
841 1961 883 1972 -
915 1926 1029 2005 ἔριθος
1063 1923 1164 1990 schol.
1194 1924 1252 1988 Ta.
1285 1922 1366 2000 θεὸς
1393 1925 1446 1990 Et.

305 2035 359 2100 Ex
386 2033 606 2118 Etymologici
638 2032 778 2098 lectione
813 2055 915 2119 eaque
950 2055 1033 2120 quae
1066 2035 1099 2097 in
1132 2033 1262 2099 scholiis
1288 2034 1447 2098 Parisinis

305 2142 473 2230 Apollonii
496 2151 605 2208 exstat
631 2136 677 2226 ἦν
699 2140 732 2206 δ’
751 2136 820 2224 σ’ἒρα
844 2146 996 2226 χερνῆτίς
1018 2140 1149 2226 τιςέ’φ’
1173 2140 1206 2207 ὑ.
1230 2164 1264 2206 rr.
1289 2143 1448 2208 Bernhar-

306 2253 391 2338 dyus
415 2255 461 2339 (p.
487 2254 561 2338 141)
592 2252 677 2317 hanc
704 2274 823 2316 novam
852 2254 1052 2318 efformavit:
1080 2244 1126 2336 ἦν
1148 2247 1178 2317 δ’
1209 2252 1275 2334 ἄρα
1298 2256 1449 2336 χερνῆτις

306 2359 475 2440 θεδςἐ’φ’
511 2360 542 2425 ὑ.
573 2384 607 2426 π.
638 2364 826 2448 dictumque
853 2385 983 2427 versum
1018 2363 1146 2450 putavit
1182 2359 1222 2426 de
1249 2363 1338 2426 Maia
1366 2386 1449 2450 quae

308 2471 421 2536 servili
444 2493 576 2535 munere
597 2471 671 2558 ipsa
693 2471 894 2556 fungeretur.
928 2473 993 2538 Sed
1017 2471 1211 2538 scholiorum
1227 2468 1449 2539 Parisinorum

195 2659 197 2665 Ι
308 2582 397 2645 nulla
415 2592 468 2665 est
489 2581 709 2667 auctoritas.²)
731 2620 771 2629 —
792 2583 965 2658 ιιυλεῶνος
981 2583 1040 2646 Tz.
1065 2585 1232 2658 σεσερῖνος
1253 2581 1351 2648 schol.
1377 2581 1449 2647 ἐλε-

308 2694 395 2767 ῶνος
424 2691 478 2756 Et.
529 2691 717 2755 Narrationi
744 2691 836 2757 cuius
869 2692 1029 2778 particula
1056 2693 1107 2756 his
1140 2692 1290 2758 versibus
1321 2701 1450 2757 servata

308 2803 518 2878 est-minime
548 2801 701 2866 convenit
728 2801 842 2888 oppidi
871 2803 941 2866 sive
969 2802 1160 2867 Peteonis
1188 2805 1259 2866 sive
1287 2803 1450 2868 Eleonis

309 2914 587 2976 commemoratio:
622 2934 697 2974 nam
723 2911 800 2975 inde
827 2913 913 2999 quod
942 2912 1044 2977 altero
1077 2935 1176 2977 versu
1206 2915 1323 2999 quihus
1352 2915 1450 2977 rebus

309 3021 426 3085 mulier
448 3029 605 3107 occupata
620 3020 662 3084 sit
678 3030 828 3085 accurate
843 3021 1050 3105 describitur,
1072 3021 1291 3107 colligendum
1307 3023 1450 3104 videtur,

311 3132 353 3196 dc
376 3132 524 3218 oppido
547 3129 611 3194 vel
633 3132 797 3215 regione
818 3130 971 3196 lectorem
991 3133 1121 3197 eumad
1136 3133 1233 3198 hosce
1249 3155 1363 3196 versus
1380 3154 1451 3216 per-

309 3242 437 3307 veniret
459 3240 729 3305 antecedentibus
752 3242 817 3304 iam
841 3241 942 3306 fuisse
964 3241 1170 3306 instructum.

394 3352 424 3414 2.
463 3351 663 3426 δενδαλίδας
685 3349 851 3434 τεύχουσα
874 3350 973 3415 schol.
998 3353 1169 3427 δανδαῖτις
1198 3354 1375 3434 στείχουσα
1398 3352 1451 3420 Et.

311 3462 370 3525 Ta.
400 3469 505 3552 ortum
529 3461 563 3525 id
592 3461 731 3525 fortasse
758 3485 800 3525 ex
828 3462 988 3547 scriptura
1022 3462 1227 3537 δανδαλίδας
1261 3483 1346 3548 quae
1374 3484 1453 3525 vera

270 3563 272 3568 ¹
311 3592 382 3635 esse
405 3579 521 3657 potest.
553 3609 586 3618 -
618 3571 743 3647 καλοὺς
766 3570 866 3635 schol.
890 3567 993 3647 ιιαλάς
1016 3571 1238 3658 Etymologici
1266 3571 1360 3636 codd.
1384 3573 1452 3638 DM

312 3689 343 3744 et
359 3679 418 3743 Ta.
443 3678 546 3755 καλὰς
561 3677 595 3744 δ’
618 3681 838 3766 Etymologici
862 3681 961 3746 editio
984 3682 1146 3767 princeps.
1184 3681 1385 3769 Recipienda
1404 3691 1453 3746 est

311 3791 417 3855 forma
438 3789 633 3872 masculina,
663 3791 738 3876 quia
761 3790 955 3855 scholiastae
980 3789 1075 3854 lectio
1099 3789 1226 3857 duabus
1250 3789 1322 3855 aliis
1345 3793 1452 3855 minus

312 3903 490 3986 depravata
517 3908 654 3988 apparet
681 3922 786 3985 neque
813 3899 879 3965 ullo
912 3901 1098 3964 testimonio
1131 3900 1323 3964 femininum
1351 3923 1453 3985 genus

312 4011 401 4074 vocis
417 4011 563 4096 ἴουλος3)
585 4011 814 4096 comprobatur
830 4013 917 4090 (nam
933 4031 970 4072 eo
986 4009 1073 4094 quod
1088 4009 1226 4074 Tzetzes
1243 4010 1276 4074 in
1293 4033 1349 4075 suo
1364 4010 1454 4073 fonte

383 4223 408 4291 1)
427 4225 550 4308 {exempti
561 4242 644 4276 cansa
655 4226 726 4304 hupe
737 4241 808 4290 pono
822 4240 927 4304 versum
940 4224 1127 4274 Homericum:
1147 4212 1230 4289 εὗρεν
1243 4218 1273 4273 δ’
1292 4215 1323 4273 ἒν
1332 4214 1453 4304 βήσσῃσι

315 4291 711 4424 ‘⁶³”tt⁶ttt.⁰⁰tttttttt
730 4293 790 4410 ..h
808 4291 1453 4419 ttlttttlzttttttttttttitt.³‘¹‘¹·
