3324 5074
706 316 868 388 auleone
1295 319 1354 381 103

210 486 291 550 haec
312 485 519 551 ratiocinatio
540 495 617 571 apte
637 484 784 549 adhiberi
800 494 924 570 potest:
948 507 1024 548 nam
1043 484 1172 550 duobus
1186 485 1250 549 illis
1273 486 1353 550 locis

211 594 458 680 Aristophaneis
485 593 622 681 aliisque
657 591 819 658 similibus
852 590 917 658 duo
946 593 1152 660 substantiva
1183 594 1226 658 ad
1255 579 1353 658 unam

211 705 413 790 eandemque
440 726 509 770 rem
541 703 595 769 vel
622 725 793 790 personam
822 702 1069 787 significandam
1100 714 1283 792 ponuntur:
1318 705 1352 767 id

210 824 289 879 vero
311 837 378 880 non
400 813 489 880 valet
510 813 552 877 de
574 813 726 899 pampino
749 822 781 877 et
802 835 884 892 uva.¹

296 925 383 989 Ante
410 924 519 989 omnia
546 922 888 1008 circumspiciendum,
917 945 996 986 num
1025 921 1115 987 locus
1142 911 1353 1003 hauddubie
1421 975 1426 984 .

212 1033 408 1119 depravatus
435 1033 592 1097 indicium
620 1032 787 1098 contineat
814 1031 902 1118 quod
930 1031 1059 1097 firmum
1088 1031 1182 1095 nobis
1210 1042 1353 1119 praestet

208 1143 401 1232 ‚disputandi
423 1123 680 1207 fundamentum.
725 1142 797 1206 Iam
818 1163 897 1207 vero
926 1163 1000 1206 cum
1022 1142 1132 1206 statim
1156 1150 1231 1227 post
1252 1143 1354 1206 verba

209 1248 319 1338 aliquo
340 1252 435 1317 modo
458 1251 501 1316 ad
523 1251 697 1316 Icarium
720 1261 777 1318 aut
797 1251 898 1316 filiam
913 1252 983 1343 eius
999 1253 1180 1337 spectantia
1194 1261 1227 1316 et
1242 1259 1353 1336 aperte

212 1384 229 1426 e
261 1371 410 1449 poemate
438 1368 568 1446 sumpta
595 1360 891 1426 Eratosthenes
925 1369 1258 1441 commemoretur,.a
1289 1383 1352 1446 quo

211 1470 354 1536 fabulam
381 1469 471 1534 illam
499 1471 643 1534 carmine
669 1480 832 1535 narratam
861 1492 931 1536 esse
958 1471 1095 1552 scimus,
1125 1480 1222 1534 antea
1237 1453 1352 1534 ¹autem

209 1579 377 1645 Parthenii
400 1578 558 1644 Hercules
582 1580 709 1660 citetur,
732 1580 790 1644 ubi
812 1579 936 1645 Icarius
960 1590 993 1645 et
1015 1579 1161 1664 Erigona
1188 1579 1268 1665 quid
1290 1579 1353 1643 sibi

208 1690 372 1755 voluerint
399 1711 463 1753 non
490 1688 738 1776 perspicitur¹):
773 1690 853 1775 quid
882 1712 1003 1776 quaeso
1032 1691 1103 1756 veri
1131 1689 1268 1754 similius
1292 1698 1351 1769 est,

207 1823 249 1865 ne
271 1798 377 1864 dicam
400 1799 530 1882 certius,
553 1821 650 1885 quam
672 1799 775 1864 verba
797 1822 817 1864 a
838 1801 1050 1884 grammatico
1073 1799 1173 1864 citata
1195 1799 1238 1864 ad
1260 1799 1351 1863 Era-

207 1910 408 1974 tosthenis
431 1909 650 1993 Erigonam
672 1910 857 1996 pertinere?
902 1909 941 1974 Id
965 1920 1074 1975 autem
1097 1917 1241 1974 statuere
1263 1909 1350 1990 licet,

207 2021 234 2084 si
257 2018 347 2084 nulla
368 1999 478 2084 littera
499 2026 623 2083 mutata
646 2018 754 2084 locum
776 2020 823 2082 ita
846 2019 1036 2085 scribimus:

292 2120 497 2211 αὐροσχός
514 2124 534 2211 ἡ
551 2125 713 2211 ἄμπελος·
738 2125 900 2211 μέμνηται
917 2127 1111 2208 Παρθένιος
1127 2128 1165 2192 έν
1181 2122 1348 2211 Ἡρακλεῖ.

208 2235 445 2326 αὐροσχόόα
471 2236 627 2320 βότρυν
657 2234 913 2321 Ἰααριωνίης
939 2234 1181 2320 Ἐρατοσθένης
1204 2285 1287 2301 ,...
1313 2235 1349 2300 δὲ

208 2349 247 2413 ἐν
269 2348 480 2432 έπιθαλαμίῳ
503 2343 541 2411 τό
563 2344 647 2411 κατὰ
667 2347 796 2430 βότρυν
823 2351 942 2431 κλῆμα.
1388 2349 1392 2356 ’

290 2456 440 2549 Excidit
460 2456 613 2544 (fortasse
645 2455 741 2521 simul
769 2479 842 2521 cum
871 2458 981 2522 verbis
1006 2456 1044 2522 ἐν
1068 2455 1242 2542 Ἠριγόνῃ)
1276 2466 1351 2543 post

202 2567 444 2652 Ἐρατοσθένης
471 2565 555 2631 alius
583 2575 699 2652 poetae
726 2589 859 2647 nomen,
888 2565 1028 2633 fortasse
1055 2566 1217 2654 Sapphus
1264 2566 1348 2630 Oon-

205 2679 290 2743 feras
319 2699 453 2764 quorum
483 2677 646 2762 Bergkius
674 2676 762 2741 haud
793 2677 962 2741 immemor
990 2677 1053 2740 fuit
1082 2698 1196 2742 versus
1227 2675 1348 2740 Catulli

204 2787 257 2869 62,
279 2787 321 2851 49
336 2809 405 2872 sqq.
515 2861 519 2864 ¹

289 2927 324 2988 at
344 2923 442 2987 eldaa
463 2924 498 2986 ι’νι
519 2923 603 2986 ναόν
624 2923 697 2987 ollis
719 2943 799 3004 qaae
820 2923 963 2987 nascitur
985 2943 1061 2986 αννο

198 3079 203 3088 .
288 3051 454 3112 utinquam
474 3051 506 3096 sc
527 3031 652 3111 extollit,
674 3051 841 3114 nunquam
863 3033 967 3097 mitem
988 3033 1098 3096 educat
1119 3052 1224 3112 ννιινι,

288 3142 343 3206 secl
362 3146 501 3206 όαιαννι
516 3161 620 3224 prono
642 3141 811 3223 deflectens·
814 3143 955 3224 pondere
976 3162 1087 3224 corpas

288 3251 355 3316 tam
376 3252 444 3316 ιάνι
465 3252 616 3334 contlapit
636 3271 794 3316 summam
815 3253 922 3316 radice
943 3253 1103 3334 [lupellum
1124 3260 1209 3316 cet·

204 3384 373 3471 Simulque
405 3385 467 3450 hac
499 3386 633 3460 ratione
657 3386 796 3471 Bergkii
830 3386 965 3451 offensio
999 3385 1132 3450 tollitur.
1159 3382 1347 3470 ἀὕροσχός

205 3495 292 3559 enim
314 3494 403 3581 apud
423 3493 635 3560 Parthenium
658 3497 779 3561 vitem
801 3494 1010 3580 significavit,
1033 3495 1122 3582 apud
1144 3495 1346 3582 epithalamii

203 3589 335 3691 poetam
358 3605 598 3692 pampinum,
624 3606 713 3691 apud
735 3604 986 3671 Eratosthenem
1012 3615 1122 3670 autem
1148 3628 1249 3671 uvae
1277 3608 1344 3692 epi·-

203 3713 316 3779 theton
338 3715 400 3779 fuit
421 3738 441 3779 a
462 3715 615 3802 pampino
636 3715 823 3803 pendentis:
847 3715 890 3816 cf,
912 3716 990 3780 Hes.
1014 3712 1236 3804 olpe'cqac2)·
1263 3715 1345 3799 κλή-
1458 3789 1466 3806 .

204 3847 308 3908 ματα,
336 3824 382 3906 βό
389 3848 516 3909 τρνις.
569 3825 810 3891 Grammaticus
838 3829 950 3890 autem
977 3825 1061 3889 hanc
1094 3824 1344 3911 explicationem

205 3933 354 4000 subicere
376 3936 574 4021 supersedit,
604 3936 758 4021 quoniam
774 3936 852 4026 'ipsa
874 3937 977 4000 verba
999 3935 1251 4000 Eratosthenica
1273 3957 1344 4001 eam
1413 3970 1417 3976 ·

274 4139 299 4205 1)
316 4140 467 4190 Meinekius
485 4139 569 4190 verba
587 4133 746 4207 ἐρισχήλοις
773 4133 944 4208 κορννηταις
970 4157 1004 4192 ex
1030 4141 1122 4192 eodem
1146 4141 1265 4190 carmine
1283 4156 1344 4204 pro·

204 4210 263 4260 lata
280 4209 314 4258 ad
332 4207 412 4260 Icarii
429 4204 538 4258 caedem
556 4207 667 4259 rettulit
683 4207 767 4272 (anal.
784 4208 862 4260 Alex.
877 4225 902 4274 p.
914 4208 988 4271 275)ι
1007 4209 1053 4260 sed
1072 4208 1144 4259 hanc
1161 4211 1344 4258 coniecturam

204 4281 235 4326 ut
252 4276 352 4327 faceret
369 4273 446 4326 nulla
464 4275 521 4325 alia
539 4291 567 4325 re
584 4277 639 4326 nisi
652 4276 711 4342 ipso
723 4279 817 4328 nostro
834 4276 894 4327 loco
907 4281 1042 4342 permotus
1054 4283 1105 4327 est.
1157 4274 1184 4339 2)
1203 4265 1343 4341 αόρόσχαι

204 4343 237 4408 ej.
255 4343 447 4410 Bernhardyus
466 4360 490 4410 p.
510 4345 566 4395 155.
