3354 5076
712 390 739 438 M
744 387 923 439 nrtuvulvs
1333 396 1334 403 ’
1349 391 1397 457 55,

245 560 313 620 ¹tate
336 555 433 640 Hugo
456 554 622 642 Hiuckius
652 555 732 619 mihi
761 528 944 641 descripsit.
990 556 1123 638 καντὶλ)
1151 557 1389 623 Laurentianus

245 666 297 748 28,
321 665 372 729 44.
405 704 441 712 -
472 665 523 728 Dc
546 687 625 730 voce
638 662 809 747 Ὄλυμπος
830 663 964 749 globum
988 665 1160 731 caelestem
1183 668 1389 752 significante

246 777 314 858 ogit
336 774 474 840 Vossius
497 773 574 838 krit.
598 774 649 839 Bl.
674 774 708 838 II
732 797 762 860 p.
787 775 849 840 205
865 797 936 860 sqq.
981 775 1032 842 Of.
1056 775 1147 841 Stob.
1173 776 1231 841 ecl.
1255 778 1386 860 1221

245 881 282 948 τό
304 883 366 967 μὲν
389 873 452 948 οὖν
475 881 632 948 ἀνωτάτω
655 885 756 968 μέρος
777 888 839 948 τοῦ
861 884 1084 967 περιέχοντος,
1109 886 1147 951 έν
1170 877 1197 970 ᾦ
1218 884 1280 970 τὴν
1303 888 1388 952 είλι-

245 998 397 1079 κρίνειαν
426 987 511 1058 εἶναι
539 997 608 1058 τοῖν
636 997 828 1078 στοιχείων,
853 992 1029 1076 Ὄλυμπον
1056 999 1154 1059 καλεῖ
1180 995 1386 1081 (Philolaus),

244 1102 284 1169 τά
306 1104 343 1168 δὲ
365 1098 430 1167 ὑπὸ
453 1100 514 1187 τὴν
536 1107 596 1168 τοῦ
616 1100 787 1188 Ὀλύμπου
809 1103 939 1188 φοράν,
967 1105 1005 1168 έν
1028 1097 1056 1189 ᾦ
1077 1101 1156 1181 τους
1179 1107 1278 1171 πέντε
1299 1111 1385 1170 πλα-

243 1215 344 1298 νήτας
365 1213 444 1298 μεθ’
467 1209 565 1297 ἡλίου
588 1210 650 1278 καὶῚ
666 1213 807 1299 σελήνης
829 1213 1001 1298 τετάχθαι,
1025 1216 1164 1297 κόσμον.
1209 1216 1384 1303 Explican-

165 1397 170 1408 .
242 1334 295 1388 tur
331 1323 432 1389 verba
462 1323 609 1409 μεσηρεα
642 1323 767 1399 παντὸς
795 1320 964 1408 Ὀλύμπου
997 1325 1118 1389 additis
1152 1323 1295 1410 κέντρου
1328 1328 1383 1391 ἔπι
1479 1331 1488 1352 ⁶

242 1437 396 1518 σφαίρης.
505 1433 513 1453 ’

326 1544 356 1607 2.
394 1539 460 1607 άπὸ
488 1545 522 1607 in
553 1545 617 1608 ἔπι
648 1543 718 1608 iure
747 1545 887 1608 mutavit
915 1544 1100 1608 Brunckius
1123 1543 1196 1609 lect.
1225 1546 1268 1610 ad
1296 1547 1381 1614 anal.
1433 1604 1437 1609 .

239 1678 271 1739 p.
298 1655 373 1717 111:
403 1653 445 1716 cf.
468 1653 622 1718 Meincke
647 1654 731 1718 anal.
755 1652 853 1718 Alex.
875 1676 907 1739 p.
931 1653 1003 1718 265.
1048 1651 1114 1718 άπο
1136 1654 1381 1746 Bernhardyus.

239 1763 326 1828 Num
347 1785 426 1844 vero
448 1785 528 1827 sana
550 1765 677 1828 ratione
711 1763 776 1829 dici
809 1772 935 1851 potest,
966 1773 1084 1828 terram
1117 1766 1213 1830 sitam
1241 1787 1311 1830 esse
1342 1769 1380 1831 in

237 1873 367 1939 medio
391 1874 478 1938 loco
502 1875 689 1939 universi
713 1875 848 1938 mundi
870 1873 1108 1939 indeacentro
1124 1875 1291 1960 sphaerae,
1314 1877 1335 1938 i.
1353 1899 1379 1941 e.

146 1973 149 1980 ⁸
238 1985 335 2049 inde
366 2005 386 2046 a
417 1983 667 2050 medio'looo
701 1984 885 2048 universi
919 1983 1076 2054 mundi?
1120 1984 1200 2048 Loci
1229 2007 1309 2071 qnos
1339 1986 1378 2049 ad

237 2095 392 2158 tuendam
414 2095 498 2160 hanc
520 2093 714 2181 scripturam
737 2092 971 2180 Bernhardyus
995 2094 1103 2157 adfert
1129 2092 1210 2158 nibil
1234 2115 1378 2180 compro-

195 2201 196 2204 '
235 2205 325 2271 bant.
370 2204 454 2268 Nam
486 2205 519 2268 in
549 2202 718 2269 Strabonis
752 2203 835 2268 libro
864 2202 880 2266 I
908 2227 940 2288 p.
960 2203 1010 2280 '62
1043 2200 1123 2286 (άπό
1151 2203 1214 2286 μὲν
1243 2205 1378 2288 Μερόης

236 2309 312 2377 άπὸ
340 2317 402 2378 τοῦ
430 2311 477 2377 δι’
506 2311 608 2397 αὐτῆς
635 2315 866 2397 μεσημβρινοῦ
892 2313 988 2396 μέχρι
1014 2309 1264 2402 Ἀλεξανδρείας
1291 2311 1377 2379 εἶναι

233 2425 377 2506 μυρίους
410 2423 580 2508 σταδίους)
618 2437 650 2488 et
678 2422 698 2487 l.
728 2424 763 2489 Π
797 2447 827 2510 p.
858 2422 898 2486 68
933 2420 1007 2504 (τὸν
1041 2403 1104 2506 γάρ
1143 2427 1278 2508 Ταῦρον
1310 2421 1375 2488 ἀπ’
1403 2459 1406 2469 =

234 2529 369 2609 εὐθείας
393 2538 433 2619 τῇ
455 2530 521 2598 άπό
539 2537 682 2628 Στηλῶν
704 2533 854 2618 θαλάττῃ
877 2531 1058 2615 τεταμένον
1081 2532 1157 2615 δίχα
1179 2531 1242 2616 τήν
1263 2532 1376 2599 Ἀσίαν

232 2644 376 2728 διαιρεῖν
398 2641 482 2728 ὅλην
505 2644 560 2709 ἐπὶ
582 2645 699 2729 μῆκος)
723 2630 887 2710 άοάυιοκ
902 2642 1097 2708 Casaubono
1117 2665 1176 2729 pro
1200 2640 1264 2707 cirri
1287 2644 1374 2731 quod

231 2754 309 2818 ferri
324 2755 436 2840 nequit
453 2754 506 2817 ε’πλ
528 2764 710 2819 correctum
725 2763 784 2818 est.
822 2753 921 2847 Quod
945 2774 1023 2816 vero
1040 2751 1246 2816 Cleomedem
1270 2756 1316 2838 (p.
1332 2755 1375 2819 54
1484 2817 1486 2822 ,

231 2863 333 2948 Balf.)
356 2864 500 2928 eiusdem
523 2885 618 2949 quam
642 2865 810 2929 exstitisse
825 2871 925 2949 ⁴putat
952 2860 1105 2947 loquendi
1131 2864 1373 2929 consuetudinis
1397 2905 1401 2912 ·

230 2980 346 3036 testem
373 2973 606 3059 Bernhardyus
635 2974 744 3038 adfert
772 2974 818 3060 (p.
842 2972 914 3058 62),
945 2993 1052 3036 errore
1080 2948 1203 3037 facturn
1231 2974 1370 3040 videtur.

230 3081 380 3147 Ceterum
404 3087 583 3167 σφαίρης
602 3083 907 3172 εορουοοιλοαεοελ.
933 3121 970 3130 -
995 3083 1051 3146 δια
1073 3082 1149 3146 Vat.

312 3193 366 3258 Ex
388 3194 589 3281 temporibus
605 3195 789 3281 praeteritis
814 3195 939 3276 (ἔτετμε
955 3202 988 3259 et
1002 3190 1195 3276 ἠρήρειστο)
1218 3191 1371 3282 hicsiout

228 3305 261 3368 in
289 3303 329 3368 fr.
360 3302 463 3369 XVII
491 3314 523 3369 et
549 3305 637 3370 XIX
672 3303 836 3390 usurpatis
870 3311 1019 3389 apparet,
1053 3301 1137 3366 hanc
1169 3301 1283 3366 mundi
1314 3301 1368 3367 de-

227 3415 436 3501 scriptionem
464 3412 618 3488 habuisse
645 3414 780 3478 formam
809 3413 1020 3493 narrationis,
1049 3411 1089 3476 de
1117 3433 1181 3497 qua
1207 3434 1242 3477 re
1271 3436 1369 3502 supra

227 3524 350 3589 dictum
374 3533 424 3589 est
447 3528 494 3611 (p.
517 3524 583 3608 40).
628 3524 753 3610 Nempe
776 3546 814 3588 ea
836 3524 944 3588 omnia
971 3522 1064 3586 videt
1086 3523 1266 3588 Mercurius
1290 3524 1366 3590 dum

226 3633 350 3697 caelum
373 3634 566 3720 perlustrat:
596 3635 637 3699 cl.
662 3633 701 3697 fr.
726 3634 801 3698 XV.
846 3634 960 3720 ltaque
987 3636 1115 3698 visum
1144 3633 1186 3698 ab
1210 3656 1246 3697 eo
1269 3635 1365 3700 etiarn

225 3764 320 3806 axem
343 3744 439 3808 finxit
460 3744 706 3829 Eratosthenes,
730 3766 851 3810 memor
873 3745 1012 3809 fortasse
1034 3744 1097 3808 loci
1119 3741 1281 3808 Platonici
1304 3766 1366 3829 quo

225 3851 372 3916 mirabile
394 3851 474 3917 illud
496 3855 610 3919 mundi
626 3854 834 3919 simulacrum
851 3855 1047 3919 instituitur:
1072 3853 1145 3918 Oiv.
1162 3851 1196 3916 X
1212 3874 1243 3936 p.
1259 3853 1365 3916 616ss
1417 3872 1422 3879 ’

100 4004 104 4012 ·
224 3957 443 4044 ἀφικνεῖσθαι
458 3967 672 4045 τεταρταίους
687 3961 771 4028 ὅθεν
786 3967 941 4044 καθορᾶν
951 3959 1087 4026 ἄνωθεν
1099 3963 1155 4030 διά
1167 3957 1292 4038 παντὸς
1304 3971 1365 4030 τοῦ

201 4068 376 4155 οὐρανοῦ
405 4071 543 4156 καλμῆς
564 4073 745 4158 τεταμένον
768 4078 840 4156 φῶς
868 4074 954 4141 εὐθὺ
982 4070 1057 4143 οἷον
1091 4086 1196 4172 κίονα,
1219 4074 1363 4156 μάλιστα

222 4185 262 4266 τῇ
290 4182 373 4267 ίριδι
403 4187 597 4267 προσφερῆ,
627 4184 860 4269 λαμπρότερον
888 4188 924 4252 δέ
947 4189 1002 4254 καί
1025 4199 1265 4284 καθαρώτερον
1288 4205 1359 4266 κτλ.

291 4356 314 4417 1)
334 4359 367 4408 Id
386 4375 401 4408 a
419 4360 541 4410 Victorio
564 4361 702 4423 receptum
720 4363 772 4421 est,
796 4359 866 4411 unde
886 4361 1078 4434 Bernhardyns
1097 4363 1191 4436 πάντη
1215 4373 1360 4436 legendum

161 4421 168 4436 ⁸
220 4439 278 4475 osse
297 4426 472 4477 existimavit.
