3324 5074
290 377 349 442 136
602 382 782 434 EPISTVLA
799 381 848 434 so
867 383 1119 435 eronunauvn

285 548 344 613 ubi
365 556 461 635 poeta
482 547 678 614 indicaverit
700 550 819 614 cubum
842 549 881 612 in
903 549 1045 615 cubum
1066 553 1198 616 mutari.
1235 552 1319 616 Nam
1342 561 1430 617 certe

285 680 349 722 non
377 657 466 722 idem
494 666 543 724 est
571 667 724 724 mutare
751 660 791 724 in
819 658 932 723 aliud
961 659 1012 743 (ἐς
1040 657 1124 724 ἄλλο
1151 665 1427 745 μεταμορφῶσαι)

284 789 323 832 ac
354 777 509 834 mutare
540 769 579 832 in
613 767 725 834 aliud
759 769 863 855 quod
897 755 1057 833 eandem
1084 769 1229 835 habeat
1257 769 1428 835 formam.

181 895 184 908 ·
286 877 389 943 Immo
419 878 521 943 verba
553 877 611 943 illu
639 876 674 954 ἐς
702 874 785 942 άλλο
807 883 1071 962 μεταμορφῶσαι
1096 879 1179 945 nihil
1208 879 1298 946 aliud
1326 881 1428 965 signi-

285 987 384 1053 ficare
416 997 552 1075 possunt
584 987 647 1051 nisi
682 997 809 1053 mutare
846 989 879 1051 in
912 987 1010 1052 aliam
1048 988 1213 1052 formam
1250 989 1428 1076 (μορφήν),

286 1106 416 1163 servata
441 1096 595 1162 nimirum
623 1097 864 1183 magnitudine,
896 1096 950 1162 vel
980 1106 1017 1163 ut
1045 1097 1185 1163 Wurmii
1215 1099 1327 1164 verbis
1354 1108 1429 1163 utar

287 1211 332 1293 (p.
358 1207 431 1292 190)
453 1207 531 1289 „ein
546 1206 848 1294 Parallelepipedon
870 1230 913 1271 zu
934 1208 1057 1291 finden,
1081 1205 1140 1272 das
1163 1211 1268 1273 einem
1290 1209 1429 1294 gegebe-

286 1315 473 1402 ncngleich
488 1316 556 1382 und
578 1319 705 1382 einem
727 1317 877 1381 andern
899 1318 1127 1402 gegebenen
1145 1317 1312 1382 ahnlich
1333 1319 1429 1384 sei.“

285 1429 395 1514 Atque
415 1425 463 1490 ita
485 1428 582 1491 etiam
604 1426 772 1492 Iacobsius
794 1426 901 1491 locum
922 1428 1154 1513 interpretatus
1178 1436 1228 1491 est
1251 1427 1351 1509 (anth.
1368 1426 1427 1492 Gr.

286 1547 308 1601 t.
331 1536 399 1600 VII
414 1559 446 1622 p.
462 1535 550 1622 316).
583 1536 704 1622 Epist.
720 1558 752 1623 p.
772 1537 831 1600 126
853 1535 977 1602 τούτου
999 1535 1037 1602 δὲ
1060 1532 1306 1620 εὑρισκομένου
1322 1537 1427 1622 δυνη-

287 1645 416 1729 σόμεθα
438 1644 591 1710 καθόλου
612 1642 650 1710 sd
673 1645 779 1711 δοθὲν
794 1645 933 1728 στερεὸν
947 1643 1310 1731 παραλληλογράμμοις
1330 1668 1430 1730 τιερι-

287 1755 447 1840 εχόμενον
473 1755 520 1832 εἰς
546 1755 655 1838 κύβον
685 1753 886 1820 καθιστάναι
914 1749 936 1838 ἢ
965 1755 1004 1832 ἐξ
1027 1754 1171 1838 ἑτέρον
1199 1756 1258 1832 εἰς
1284 1755 1429 1841 ἕτερον

285 1865 663 1948 μετασχηματίζειν.
704 1863 824 1946 Quivis
847 1868 956 1928 autem
981 1864 1151 1949 intelleget
1172 1887 1192 1928 a
1213 1876 1311 1950 poeta
1332 1867 1429 1931 metri

285 1975 480 2041 necessitate
495 1984 607 2040 coacto
622 1975 814 2038 sententiam
829 1972 1013 2038 mutilatam
1033 1995 1135 2061 eoque
1150 1984 1335 2064 corruptam
1358 1998 1430 2041 esse

285 2086 414 2151 omissis
442 2084 508 2149 illis
536 2082 897 2169 παραλληλογράμμοις
923 2082 1180 2167 κιριεχάμενονι
1211 2105 1317 2172 neque
1343 2087 1430 2150 enim

252 2224 257 2236 ι
284 2195 420 2280 repertis
449 2193 576 2258 duabus
609 2192 725 2258 mediis
757 2191 1053 2279 proportionalibus
1083 2195 1196 2258 statim
1230 2217 1263 2259 v.
1298 2216 1345 2280 gr.
1375 2217 1429 2259 cu·
1468 2241 1479 2250 -

285 2305 363 2369 bum
385 2306 420 2369 in
441 2303 613 2393 sphaeram
628 2301 682 2373 vel
697 2324 813 2368 conum
834 2302 872 2366 in·
892 2301 1189 2390 parallelepipedon
1207 2314 1333 2369 mutare
1356 2327 1430 2390 pos-

285 2437 404 2479 sumus.

368 2526 399 2589 5.
436 2522 492 2589 Ad
513 2521 590 2608 τῇδ’
614 2522 782 2588 Wurmius
806 2510 837 2608 p.
862 2523 924 2586 190
945 2521 1208 2588 subaudiendum
1224 2545 1296 2589 esse
1317 2525 1429 2589 existi-

286 2642 351 2698 mat
372 2636 413 2718 τῇ
437 2630 571 2718 ssiteta:
594 2631 840 2717 „du'lsbnntest
862 2629 946 2696 auch
961 2631 1021 2697 mit
1043 2632 1151 2698 dieser
1164 2633 1307 2719 geruden
1322 2634 1428 2713 Linie,

285 2742 458 2808 nttmliob
480 2745 549 2808 mit
572 2743 640 2807 der
662 2741 785 2808 durch
808 2742 877 2806 das
893 2739 1128 2808 Aufsuchen
1148 2742 1428 2809 zweiermittl.
1529 2790 1548 2815 ,

284 2852 573 2939 Prop-Linien
595 2874 643 2916 zu
670 2851 894 2917 findenden
917 2850 1030 2917 Seite
1059 2852 1127 2916 des
1150 2851 1342 2936 Wiirlels,
1370 2851 1430 2917 der

285 2987 312 3026 z.
329 2965 367 3027 B.
391 2964 496 3027 einem
514 2961 699 3027 Medimnus
722 2959 828 3048 gleich
851 2962 903 3044 ist,
928 2962 979 3025 ein
996 2960 1333 3027 Getraidebehtltniss
1357 2984 1429 3028 aus.-

285 3075 448 3138 messen.“
493 3071 558 3137 Sed
585 3073 621 3135 in
648 3073 688 3136 iis
718 3093 800 3157 quae
829 3071 1029 3158 praecedunt
1056 3093 1129 3136 cum
1151 3081 1241 3137 recta
1265 3070 1322 3135 illa
1343 3071 1429 3137 linea

284 3206 351 3248 non
377 3192 662 3265 commemoretur,
690 3203 756 3247 non
783 3179 860 3246 licet
888 3201 1000 3245 vocem
1028 3181 1109 3266 τῇδε
1136 3182 1184 3247 ita
1210 3181 1428 3268 interpretari.

284 3294 375 3358 Inter
397 3291 579 3378 complures
602 3290 838 3378 explicationes
860 3312 880 3354 a
901 3290 1051 3356 Reimero
1081 3293 1263 3378 propositas
1293 3299 1325 3354 et
1353 3291 1427 3354 sim-

284 3402 465 3487 plicissima
486 3410 518 3468 et
540 3401 635 3468 unice
658 3423 737 3466 vera
759 3410 809 3465 est
836 3423 874 3465 ea
903 3422 965 3487 qua
992 3401 1073 3484 τῇδε
1101 3409 1249 3466 vertatur
1276 3400 1358 3484 „hac
1380 3421 1428 3463 ra-

284 3513 394 3577 tione“
418 3511 533 3597 (μέσας
555 3509 610 3575 ὅτε
635 3511 794 3596 τέρμασιν
816 3511 915 3595 κτλ).

369 3618 633 3704 άναμετρήσαιοτ
666 3621 761 3706 epist.
796 3645 826 3707 p.
853 3619 912 3684 126
946 3619 1002 3683 διὰ
1034 3623 1092 3703 τῆς
1123 3619 1247 3684 τούτου
1279 3622 1429 3702 πλευράς

268 3727 535 3816 ’άναμετρεῑν
557 3725 597 3794 τά
619 3728 750 3794 τούτων
773 3729 909 3793 δεκτικά
932 3726 1059 3812 clypcis.

368 3840 398 3903 6.
432 3838 550 3904 Verbis
573 3837 675 3922 μέσας
696 3834 753 3904 ὅτε
774 3838 936 3923 τέρμασιν
958 3840 1029 3903 κτλ.
1052 3848 1150 3925 poeta
1172 3840 1331 3905 rationem
1352 3861 1427 3924 geo-

284 3948 453 4012 metricam
484 3949 517 4011 in
547 3943 688 4035 epistula
715 3947 911 4036 descriptam
941 3947 1066 4013 infelici
1095 3970 1249 4013 successu
1277 3947 1428 4044 versibus

283 4068 395 4144 aptare
418 4065 552 4122 conatus
575 4067 640 4142 est,
669 4081 774 4145 neque
796 4057 979 4123 mirandum
1006 4058 1093 4144 quod
1115 4058 1178 4123 viri
1201 4058 1289 4122 docti
1311 4056 1352 4121 de
1374 4080 1428 4122 ex·

284 4168 459 4256 plicatione
481 4167 613 4234 obscuri
634 4168 698 4234 loci
720 4168 868 4238 diversas
896 4167 1102 4255 protulerunt
1123 4169 1314 4233 sententias.
1358 4168 1427 4233 Ab·

284 4278 384 4344 solvit
403 4299 473 4342 rem
496 4277 593 4344 docta
614 4277 758 4343 Wurmii
781 4278 961 4364 disputatio
985 4277 1031 4364 (p.
1058 4277 1119 4342 190
1133 4281 1217 4366 sqq.)
1224 4327 1233 4361 ,
1257 4299 1321 4364 qua
1342 4278 1427 4366 prio·

283 4411 356 4456 rum
378 4388 548 4476 opiniones
569 4389 761 4454 refutantur.
