3354 5076
687 411 897 464 MEROVRIVS

307 583 415 647 δοιαὶ
437 582 472 644 δ’
495 580 617 645 ἀλλαι
641 581 756 644 ἔασιν
780 579 966 644 ἐναντίαι
992 576 1213 660 ἀλλήλαισι

305 691 516 777 μεσσηγύς
536 691 684 773 θέρεός
705 712 746 754 τε
769 686 832 754 καὶ
854 687 997 754 δετίον
1020 688 1298 770 κρυστάλλων,

307 801 424 886 ἀμφω
449 801 646 886 ἑύκρητοί
665 824 708 864 τε
730 800 796 864 καὶ
819 798 1000 883 ὄμπνιον
1016 796 1301 884 αάδήσκόνσαι

296 909 465 997 καρπὸν
495 907 747 995 Ἐλευσινίης
779 910 1036 994 Δημήτερος·
1079 911 1123 975 ἐν
1156 909 1200 975 δέ
1231 933 1301 994 μιν

577 1019 727 1104 ἀνδρες
1206 1032 1211 1042 ·
1333 1031 1364 1080 15

307 1130 527 1208 ἀντίποδες
549 1134 725 1196 ναίουσι.
739 1132 764 1216 ¹)
1193 1193 1198 1204 ,

255 1287 257 1292 -
307 1260 390 1328 Λα.
413 1259 486 1324 aaa
509 1283 541 1346 p.
567 1258 676 1324 1530
705 1263 749 1344 (p.
772 1259 814 1322 οο
836 1259 885 1322 ea.
909 1259 1009 1344 via.)
1038 1257 1200 1343 μέμνηται
1228 1257 1265 1322 οι
1286 1243 1366 1321 ’τοι

223 1373 338 1450 ζωνῶν
360 1369 492 1434 τούτων
515 1370 569 1434 καὶ
588 1367 830 1452 Ἐρατοσθένης
853 1367 890 1432 έν
912 1372 958 1453 τῷ
982 1363 1084 1452 Ἑρμῇ
1109 1366 1216 1450 λέγων
1246 1367 1365 1433 πέντε

223 1481 244 1543 δ
251 1476 266 1545 ὲ
288 1483 358 1549 κτλ.
380 1481 486 1544 ταῦτα
507 1481 570 1564 μὲν
589 1477 840 1562 Ἐρατοσθένης.
1412 1475 1413 1480 ’

309 1591 360 1655 Of.
384 1614 413 1676 p.
433 1591 493 1655 153
509 1591 540 1654 A
562 1587 639 1681 περὶ
661 1584 699 1654 δὲ
721 1592 791 1651 τῶν
812 1585 1081 1671 ζωνῶν”Αρατος
1101 1587 1139 1652 έν
1154 1599 1223 1664 τοῖς
1238 1592 1366 1652 Φαινο-

222 1701 336 1785 μένοις
351 1697 413 1764 οὐκ
430 1700 597 1784 ἐμνήσθη·
615 1697 711 1763 ἀλλοι
726 1697 774 1780 δέ,
791 1689 819 1762 ἀ
824 1721 846 1760 ν
861 1697 927 1762 uui
940 1695 1245 1782 Ἐρατοσθένης,
1263 1699 1366 1781 ἐμνη-

222 1815 406 1894 μόνενσαν.
445 1833 476 1896 p.
500 1809 602 1874 1570
624 1812 759 1893 πρῶτος
778 1805 816 1872 δὲ
836 1809 1054 1892 Παρμενίδης
1074 1807 1151 1892 περὶ
1167 1810 1235 1872 τῶν
1250 1810 1367 1886 ζωνῶν

225 1919 360 2004 ἐκίνησε
383 1919 496 2003 λόγον.
535 1920 612 2004 περὶ
634 1915 672 1982 δὲ
687 1922 748 1982 τοῦ
771 1918 922 2002 ἀριθμοῦ
937 1915 1052 1982 αὐτῶν
1067 1915 1174 2001 πολλή
1196 1919 1367 2000 διαφωνία
1400 2002 1401 2005 ¹

223 2041 292 2106 τοῖς
319 2027 390 2113 μετ’
421 2026 525 2094 αὐτὸν
557 2029 706 2112 γέγονεν.
738 2029 773 2092 ai
797 2024 860 2111 μὲν
887 2025 953 2112 ηάρ
982 2027 1015 2105 ἓξ
1044 2024 1147 2103 αάτάς
1173 2023 1286 2110 εἶπον,
1322 2023 1377 2103 ὦς’

158 2209 161 2212 ,
224 2139 395 2224 Πολύβιος
417 2137 473 2203 καὶ
495 2137 735 2220 Ποσειδώνιος,
758 2135 821 2223 τήν
843 2137 1113 2221 διακεκαυμένην
1136 2137 1183 2213 είς
1198 2137 1261 2202 δύο
1278 2139 1364 2203 διαι-

225 2254 378 2333 ροῦντες·
404 2249 438 2314 oi
451 2246 489 2313 δὲ
503 2249 602 2314 πέντε
617 2249 821 2333 παρέλαβον,
838 2245 974 2332 ὥσπερ
994 2245 1291 2332 Ἐρατοσθένης
1310 2247 1367 2312 καί

224 2359 322 2425 ἀλλοι
354 2363 490 2443 πολλοί,
524 2350 574 2436 οἷς
606 2359 661 2423 καὶ
689 2357 784 2443 ήμείς
816 2356 1170 2442 κατηκολονθήσαμεν.
1221 2359 1298 2441 περὶ
1329 2355 1366 2424 δὲ

225 2467 390 2553 οἰκήσεων
418 2469 521 2534 πάλιν
548 2467 604 2535 καὶ
626 2472 695 2534 τῶν
718 2467 946 2534 ἐνοικούντων
968 2465 1024 2532 καὶ
1050 2465 1226 2552 ὀνομάτων
1247 2468 1367 2552 γέγονε
1445 2509 1450 2527 1

225 2578 332 2663 πολλή
354 2579 492 2666 ταραχή,
515 2574 671 2662 καὶπερὶ
694 2577 907 2662 ἀντιχθόνων
928 2561 984 2643 καὶ
1007 2575 1209 2644 ἀντιπόδων.
1304 2631 1307 2636 ,

309 2690 440 2755 Heracl.
456 2689 521 2754 All.
538 2689 635 2754 Hom.
650 2689 692 2754 50
715 2689 831 2774 (schol.
847 2690 875 2752 B
890 2689 929 2753 Il.
954 2694 988 2752 Σ
998 2690 1075 2774 468)
1096 2687 1214 2771 braia
1233 2686 1365 2772 Ἐρατο-

226 2801 349 2885 σθένης
370 2799 426 2864 καί
448 2799 681 2884 σφοδρότερον
704 2797 743 2864 έν
765 2798 810 2885 τῷ
827 2798 929 2884 Ἐρμῇ
952 2803 1057 2863 ταῦτα
1079 2799 1133 2883 (de
1155 2799 1251 2863 τοοίο
1262 2821 1367 2863 sermo

226 2913 293 2994 est)
311 2912 535 2994 διηκρίβωσεν
559 2906 663 2974 είπιδν
685 2909 805 2975 πέντε
828 2909 848 2972 δ
855 2907 870 2972 ὲ
893 2912 962 2973 κτλ.
988 2910 1104 2993 (usqua
1119 2910 1162 2974 ad
1178 2908 1280 2975 verbu
1302 2905 1367 2974 ἀιεδ

153 3057 157 3060 -
226 3020 257 3084 δ’
281 3019 380 3085 ὕδατι
402 3020 584 3104 μογέουσαι
606 3042 654 3084 vs.
677 3020 722 3106 8).
1278 3011 1280 3016 ’

310 3131 410 3215 Verg.
434 3131 554 3216 Georg.
577 3131 593 3195 I
616 3130 678 3195 233
694 3151 765 3217 sqq.

311 3261 448 3341 quiaque
469 3263 571 3324 teueut
592 3258 712 3323 euetuut
732 3278 829 3324 κανων
851 3278 989 3340 quaruur
1010 3279 1077 3324 uua
1099 3279 1223 3323 aaruseo

310 3389 429 3450 suuper
450 3368 512 3443 sate
532 3369 647 3432 rubeus
666 3372 697 3436 et
718 3369 840 3432 torrida
862 3387 981 3450 seuuer
1003 3369 1042 3433 ab
1065 3369 1150 3451 iqui,

312 3499 408 3560 ηιιααι
429 3479 546 3542 eirauua
568 3483 723 3542 eutreurae
745 3479 855 3542 deutra
877 3478 1025 3560 laeuaque
1044 3479 1216 3544 trubuutur

311 3588 488 3672 caeruleae,
510 3588 610 3671 abacia
632 3589 903 3670 caueretueatque
924 3589 1077 3654 imbribus
1099 3591 1194 3676 atris3

310 3697 369 3763 bas
389 3700 472 3763 iuter
493 3699 688 3780 ruediauque
710 3699 791 3764 duae
813 3699 998 3764 mortalibus
1020 3701 1123 3783 auaris

312 3828 438 3873 uuuere
460 3828 616 3874 concessae
637 3809 755 3882 diuour,
779 3814 807 3874 et
827 3802 881 3874 aiu
901 3813 983 3875 seata
1002 3831 1059 3892 per
1081 3811 1208 3891 aurbus,

313 3917 428 3982 abiiaus
451 3939 514 3999 qua
535 3938 567 3984 sa
587 3921 749 4002 siyuaruru
770 3925 898 3984 uerteret
918 3921 1003 3985 areta.

310 4050 438 4140 Probus
461 4051 502 4114 ad
525 4052 557 4116 h.
573 4051 595 4116 l.
618 4054 700 4118 traua
722 4058 827 4119 taureu
848 4057 1029 4120 uuiversuu
1047 4055 1282 4137 descriptiaueur
1303 4078 1366 4120 eer-

227 4169 292 4229 tuur
315 4167 358 4228 est
386 4160 558 4246 Veraibiuui
580 4164 775 4229 transtulisse
802 4165 842 4230 ab
864 4164 1087 4250 Eratostbeue,
1115 4168 1203 4231 euius
1226 4167 1368 4232 liberast

297 4389 321 4447 1)
341 4391 382 4438 Ex
404 4387 518 4438 Achillis
541 4387 631 4437 codice
648 4388 781 4438 Vaticano
803 4388 855 4439 hoa
878 4387 1058 4452 fragmentum
1081 4387 1201 4438 adhibito
1227 4387 1367 4446 Heiuclita

229 4456 314 4509 edidit
331 4457 458 4518 Vrsinus,
475 4457 550 4520 Virg.
570 4455 630 4508 coll.
650 4457 743 4526 script.
761 4455 806 4510 Gr.
826 4457 927 4510 illustr.
946 4471 971 4523 p.
992 4459 1040 4508 114
1057 4457 1097 4507 ad.
1116 4455 1212 4514 Valck.
