3324 5074
313 431 371 495 118
606 431 787 484 INCERTAE
807 431 911 482 sams
931 430 1152 484 ratonem

311 601 466 686 proferri,
495 609 531 662 nt
558 597 647 662 illum
676 598 719 662 ad
747 597 943 662 exhaustum
971 599 1036 662 iam
1063 595 1206 661 laborem
1233 597 1351 662 iterum
1379 599 1457 663 sub·

310 708 453 774 eundum
477 709 633 773 hortetur.
680 707 937 793 vituperandum
959 707 1091 793 quidem
1114 717 1163 770 est
1184 727 1282 792 quam
1302 709 1456 788 maxime,

311 817 397 904 quod
426 818 615 882 Athenaeus
643 818 838 883 sententiam
871 815 913 879 de
946 815 1152 903 purgando
1185 827 1336 900 agentem
1369 838 1457 906 rana

309 925 460 991 lectionis
482 931 697 991 ostentatione
719 925 762 990 ad
783 926 976 990 narrandi
997 923 1142 990 laborem
1157 925 1335 1007 transtulit,
1357 936 1457 1012 atque

311 1036 390 1100 haec
412 1035 720 1120 Schweighaeusero
743 1057 842 1098 cansa
864 1034 944 1114 fnit,
967 1057 1025 1098 eur
1047 1034 1233 1099 Casauboni
1261 1035 1456 1121 interpreta-

312 1146 433 1210 tionem
456 1145 605 1210 reiceret:
629 1165 741 1209 verum
763 1143 842 1211 talia
863 1144 1014 1230 inopere
1028 1143 1191 1210 Athenaei
1214 1145 1323 1228 (euius
1346 1165 1456 1210 socor-

311 1253 368 1318 dia
389 1264 481 1318 tanta
502 1265 571 1318 erat
594 1264 631 1317 ut
653 1276 685 1318 v.
702 1277 752 1342 gr.
775 1253 913 1318 Diodori
935 1253 1038 1319 Siculi
1060 1251 1298 1318 Bibliothecam
1327 1255 1456 1318 histori-

310 1386 380 1428 cam
405 1363 515 1427 verbis
539 1361 717 1447 Διόδωρος
744 1362 782 1427 ἐν
804 1373 873 1438 τοῖς
895 1363 972 1447 aspi
993 1361 1215 1446 βιβλιοθήκης
1242 1361 1360 1454 citaret
1385 1363 1457 1428 XII

310 1495 343 1558 p.
364 1473 423 1537 541
442 1472 487 1556 Ε)
515 1473 679 1538 offendere
701 1495 766 1538 non
789 1471 919 1537 debent.
963 1471 1291 1556 Schweighaeuserus
1319 1473 1457 1536 verbum

311 1579 565 1664 ἀπομάττεσθαι
592 1582 654 1647 hoc
681 1582 752 1648 loco
781 1605 845 1647 non
868 1580 1027 1646 lustrandi
1047 1582 1146 1645 ritum
1169 1580 1371 1666 significare,
1398 1581 1455 1644 sed

312 1689 399 1755 idem
414 1713 487 1755 esse
503 1691 591 1778 qnod
612 1693 769 1756 imitari
791 1693 941 1756 iterare
963 1701 1147 1775 repetere
1166 1691 1344 1755 arbitratur
1358 1699 1457 1776 atque

311 1799 396 1864 hane
410 1801 563 1888 proponit
579 1800 843 1887 explicationem:
867 1801 946 1884 „ubi
964 1800 1149 1864 tertiariae
1165 1799 1333 1884 effingitur
1347 1821 1455 1864 exem-

312 1908 402 1994 plum
429 1909 470 1974 de
498 1919 673 1997 prototypo
706 1911 886 1996 exemplari
914 1909 1064 1990 ductum,
1097 1909 1224 1973 meliori
1250 1931 1289 1973 ac
1316 1907 1457 1973 feliciori

312 2039 466 2084 successu
488 2019 523 2083 id
545 2019 637 2084 fiet.“
673 2019 823 2104 Cogitari
844 2019 974 2105 quidem
996 2019 1102 2104 possit
1124 2039 1194 2082 eam
1217 2017 1319 2082 fuisse
1341 2029 1456 2103 poetae

312 2128 473 2216 Cyrenaei
499 2131 708 2217 sententiam:
740 2129 799 2193 sed
821 2128 956 2193 cuilibet
982 2137 1175 2213 argumento
1197 2129 1325 2215 poetico
1353 2127 1455 2192 multo

311 2240 417 2323 magis
446 2219 667 2303 consentanea
694 2249 744 2302 est
772 2237 959 2303 casauboni
986 2239 1212 2323 interpretatio
1240 2259 1344 2324 neque
1375 2239 1455 2301 satis

310 2359 389 2434 apta
423 2348 552 2412 videtur
586 2347 719 2412 deorum
753 2348 1031 2430 commemoratio,
1074 2347 1132 2412 ubi
1169 2345 1210 2411 de
1246 2348 1454 2411 imitandis

311 2459 422 2521 nescio
463 2456 583 2543 quibus
624 2456 867 2542 exemplaribus
899 2459 1018 2542 agitur.
1079 2455 1186 2521 Aliter
1222 2455 1455 2544 Bernhardyus

311 2569 359 2652 (p.
378 2565 464 2648 134),
488 2567 545 2651 qui
566 2575 662 2652 putat
684 2589 799 2632 versus
819 2567 1123 2652 interpretationem
1137 2564 1363 2630 asciscendam
1385 2589 1456 2630 esse

311 2695 331 2738 a
359 2673 543 2758 fragmento
571 2674 627 2740 illo
654 2673 875 2740 Callimacheo
903 2673 990 2760 quod
1016 2675 1163 2740 adfertur
1190 2697 1212 2739 a
1233 2673 1334 2740 schol.
1358 2675 1454 2739 Pind.

312 2783 406 2848 Nem.
429 2783 479 2848 IV
503 2785 544 2848 10

395 2945 512 3007 illave
535 2947 614 3026 νῦν,
638 2942 782 3026 ἐλέγοισι
803 2941 837 3008 δ’
862 2941 1073 3028 ἑνιψὴσασθε
1095 2943 1245 3019 landone

436 3062 550 3135 χεῖρας
572 3051 681 3136 ἐμοῖς,
707 3055 765 3117 ἵνα
786 3076 843 3135 μοι
866 3050 978 3118 noviti
998 3053 1149 3136 μένωσιν
1170 3054 1252 3128 ἔτος.

312 3223 404 3286 Sicut
438 3222 525 3285 enim
558 3225 619 3287 hoc
654 3221 794 3311 disticho
823 3220 1043 3287 Callimachus
1072 3221 1205 3286 Gratias
1238 3223 1385 3304 invocet,
1420 3234 1456 3288 ut

311 3329 411 3415 elegis
434 3353 549 3394 manus
578 3330 761 3416 fragrantes
793 3332 1047 3416 abstergant,
1074 3333 1121 3395 ita
1144 3333 1241 3397 etiam
1263 3333 1455 3399 Eratosthe-

310 3461 385 3502 nem
407 3448 560 3526 patarea
580 3440 720 3525 deabus,
742 3453 783 3506 ut
806 3441 974 3506 eundem
996 3441 1076 3506 sibi
1099 3463 1206 3505 usum
1229 3451 1453 3526 praestent:

312 3548 506 3613 sententiam
529 3558 637 3613 autem
660 3572 774 3615 versus
798 3550 881 3615 hanc
904 3543 993 3617 esse:
1023 3551 1103 3636 „qui
1126 3561 1175 3615 ter
1197 3561 1366 3638 poetarum
1387 3573 1454 3615 mo·

310 3659 474 3722 numentis
497 3679 612 3722 manus
633 3658 856 3741 admoverint,
884 3663 925 3726 iis
954 3662 1082 3746 potiore
1104 3682 1178 3726 cum
1205 3661 1275 3725 iure
1302 3671 1335 3726 et
1363 3663 1455 3746 copia

310 3768 446 3852 gloriam
469 3776 584 3832 vates
608 3767 862 3834 conciliabunt.“
906 3769 1011 3834 Addit
1032 3769 1264 3858 Bernhardyus
1287 3776 1381 3846 θεοῖς
1406 3792 1454 3834 re-

311 3877 410 3942 scribi
433 3899 539 3961 posse.
577 3878 623 3942 At
646 3877 673 3940 si
690 3899 768 3941 vera
790 3890 876 3942 esset
898 3880 967 3944 eius
983 3879 1104 3965 opinio,
1127 3880 1357 3945 necessario
1379 3879 1454 3944 θεοὶ

311 4007 370 4071 pro
392 3987 478 4050 falsa
500 3987 662 4073 scriptura
690 3996 777 4050 esset
804 3987 1006 4052 habendum:
1034 4010 1139 4076 neque
1167 3990 1254 4054 enim
1276 3990 1371 4072 deos,
1395 3988 1454 4053 sed

310 4107 347 4158 ut
368 4096 439 4182 ipsc
453 4096 689 4183 Bernhardyus
712 4095 857 4182 explicat
879 4107 970 4162 vates
989 4097 1149 4162 beneficia
1172 4099 1249 4163 dare
1265 4098 1453 4165 Eratosthe-

310 4227 367 4268 nes
395 4204 529 4273 diceret.
579 4207 689 4292 Atque
717 4206 752 4271 id
780 4206 900 4290 solum,
933 4207 1020 4294 quod
1048 4230 1106 4292 pro
1135 4208 1299 4294 scriptura
1326 4209 1454 4293 integra

311 4315 363 4376 cui
385 4311 467 4378 nihil
489 4317 599 4379 obstat
626 4318 886 4381 nancisceremur
907 4317 1111 4400 mendosam,
1141 4317 1264 4382 sufficit
1289 4319 1331 4383 ad
1354 4321 1453 4383 Bern-

311 4423 428 4509 hardyi
457 4422 711 4509 disputationem
743 4424 966 4490 refellendam.
1017 4427 1132 4512 Itaque
1164 4436 1272 4492 cetera
1304 4429 1453 4514 quamvis
