3354 5076
320 385 360 448 10
786 385 996 438 muncvfflvs

317 550 382 636 γὰρ
404 549 488 637 ιιρός
508 551 546 617 τὸ
568 557 698 619 κακοῦν
719 555 775 619 καί
796 554 960 637 βίοίπτειν
975 551 1159 637 ἀλλὰπρὸς
1180 550 1218 619 τό
1241 553 1360 634 σώζειν
1374 556 1461 636 μᾶλ-

294 665 379 752 Ιλον
405 664 544 747 γέγονεν
571 659 589 729 ὁ
616 663 724 748 λόγος.
735 666 760 750 ¹)
803 663 911 729 Schol.
941 662 980 729 11.
1005 667 1038 728 Π
1062 664 1122 729 185
1155 662 1292 728 πάντων
1320 661 1460 746 ἀγαθῶν

318 777 433 850 αίτιος.
478 771 535 838 καί
560 773 598 837 οί
617 773 681 858 μὲν
706 775 783 840 θεοί
809 778 908 858 κοινῇ
936 775 1076 858 δοτῆρες
1102 773 1206 857 ἑάων,
1234 772 1252 839 ὁ
1282 774 1319 838 δὲ
1342 769 1462 858 Ἑρμῆς

318 885 386 968 ίθίᾳ
409 885 527 969 θαίτωρ
550 883 649 950 ίοίων.
694 881 777 949 ὅθεν
799 881 856 949 καί
881 881 954 960 νίός
981 880 1087 947 αὐτοῦ
1110 880 1281 968 Εὔδωρος.
1328 885 1369 962 ἐξ
1390 881 1460 949 αὐ-

318 996 386 1056 τοῦ
408 995 452 1060 δὲ
474 991 518 1058 τὸ
539 993 773 1076 Ἀκακήσιον
795 991 938 1080 ὅρος.1)
976 995 1058 1058 Fere
1081 993 1165 1058 idem
1180 995 1214 1058 in
1230 993 1459 1080 Etymologico

318 1107 428 1174 verbis
456 1099 475 1167 ὁ
502 1107 688 1185 στερίσκειν
714 1101 775 1179 τας
802 1104 910 1181 λύπας
937 1103 1155 1188 significatur,
1189 1125 1294 1190 neque
1322 1103 1460 1168 multum

317 1217 451 1298 diversa
483 1225 559 1280 sunt
593 1214 759 1280 adiectiva
792 1211 924 1297 ἀγαθόν
956 1224 989 1299 et
1024 1212 1149 1298 ιιραῦν.
1203 1213 1303 1295 Quod
1326 1209 1479 1279 ibidem'

318 1327 416 1391 etiam
442 1327 634 1407 πανοῦργος
660 1326 755 1410 quasi
783 1325 1009 1412 interpretatio
1037 1324 1189 1390 vocabuli
1216 1325 1365 1410 ponitur,
1394 1326 1459 1390 for-

317 1447 404 1502 tasse
424 1435 468 1500 ad
490 1457 545 1501 eos
567 1435 784 1518 referendum,
807 1436 864 1521 qui
886 1435 1053 1521 passivum
1075 1457 1207 1499 sensum
1229 1444 1358 1522 praeter
1381 1436 1460 1500 acti·

317 1569 394 1609 vum
416 1547 492 1611 voci
513 1545 702 1610 tribuebant
728 1545 841 1630 (schol.
866 1550 901 1610 Π
918 1545 977 1610 185
999 1541 1074 1628 ὁμή
1098 1546 1287 1627 θννοίμενος
1301 1549 1459 1629 κακωθῆ-

201 1719 209 1734 ,
317 1679 374 1720 ναι
401 1652 468 1721 ὑπὸ
497 1653 636 1739 ἑτέρον).
685 1656 893 1742 Ineptissime
916 1665 1025 1720 autem
1052 1656 1125 1736 alii,
1154 1678 1226 1720 cum
1254 1679 1274 1719 a
1295 1653 1460 1721 nonnullis

317 1764 466 1849 ιἰκακήτα
488 1766 696 1848 scriberetur,
718 1766 753 1829 in
775 1765 925 1830 versibus
948 1764 1132 1830 Homericis
1155 1768 1206 1851 (Π
1227 1767 1289 1832 184
1304 1766 1389 1853 sqq.)

402 1923 522 1992 αὐτίκα
545 1923 576 1990 θ’
602 1929 649 2002 είς
670 1923 796 2013 ὑπερῷ’
820 1924 949 2010 ἀναβὰς
970 1925 1173 2011 παρελέξατο
1197 1927 1309 2012 λοίθρη
1418 1987 1421 1992 .

396 2033 548 2119 Ἑρμείας
570 2034 729 2121 ἀνοίκητα,
753 2035 859 2120 πόρεν
881 2035 921 2102 δι’
940 2037 975 2101 οί
994 2034 1121 2119 α’γίαόν
1145 2033 1221 2102 υίόν

402 2143 585 2230 Εὔδωρον,
609 2147 685 2230 πέρι
706 2148 769 2229 μὲν
790 2149 900 2212 θείειν
921 2143 1025 2230 ταχὺν
1050 2146 1106 2232 ήθὲ
1128 2146 1280 2231 μαχητήν
1304 2178 1308 2186 ·

316 2305 465 2392 ἀκακήτα
487 2309 710 2392 accusativum
731 2330 803 2372 esse
824 2318 857 2372 et
877 2311 919 2374 ad
941 2305 1020 2374 νίὸν
1042 2311 1206 2396 portinere
1228 2310 1351 2395 opinati
1367 2320 1458 2374 sunt:

317 2418 417 2483 schol.
433 2417 463 2482 V
479 2417 515 2482 οί
526 2417 563 2482 δὲ
578 2414 673 2482 νίόν
693 2416 821 2502 οίκακή
827 2442 873 2484 τα
888 2419 1217 2503 κροκερισιιωμένως
1232 2416 1277 2496 τίς
1291 2423 1456 2504 γυμνῆτα.

860 2658 910 2721 IV

401 2801 507 2867 Schol.
537 2801 644 2887 Apoll.
674 2804 755 2886 Arg.
779 2801 832 2865 III
854 2801 917 2866 802
946 2802 1144 2887 ε’τυμ-οίογεί
1170 2801 1208 2866 δὲ
1237 2799 1298 2886 τήν
1326 2825 1457 2887 φωρια-

315 2907 381 2993 μὸν
399 2909 640 2995 Ἐρατοσθένης
664 2911 702 2976 ἐν
724 2914 770 2998 τῷ
786 2905 906 3002 Ἑρμῇ·

401 3060 613 3148 φωριαμὸν
652 3061 685 3126 θ’
729 3059 950 3147 ὀνόμηναν,
996 3064 1014 3129 ὅ
1051 3089 1121 3148 μιν
1162 3066 1262 3131 κύθε
1298 3064 1457 3148 φώριον

923 3171 1105 3259 trumo·

401 3286 443 3351 ἐκ
465 3289 537 3350 τοῦ
560 3281 772 3369 φωριαμός
793 3281 1065 3368 κικλήσκεται
1088 3284 1385 3369 ἀνθρώποισιν.

399 3445 565 3533 Suspicari
577 3445 653 3510 licet
665 3445 914 3510 Eratosthenem
926 3448 1050 3532 primae
1062 3449 1241 3533 φῳριαμοῦ
1252 3445 1349 3510 talem
1361 3469 1455 3510 nsum

315 3557 449 3621 finxisse
471 3555 576 3642 qualis
604 3555 646 3620 ab
674 3555 817 3642 antiquis
845 3559 950 3642 poetis
977 3556 1053 3622 huic
1081 3578 1229 3621 arcarum
1258 3557 1369 3641 generi
1398 3559 1455 3622 tri·

314 3667 477 3732 bucretur.
511 3667 675 3730 Dicuntur
690 3674 798 3731 autem
820 3668 853 3731 in
869 3643 1068 3733 carminibus
1083 3666 1266 3731 Homericis
1287 3668 1456 3751 φωριαμοί

314 3777 560 3842 vestimenta
583 3781 748 3843 continere
778 3777 831 3860 (Il.
848 3782 881 3841 tt
895 3778 957 3842 228
970 3801 1041 3864 sqq.
1062 3776 1125 3842 Od.
1147 3799 1165 3840 ο
1184 3777 1244 3841 104
1256 3777 1351 3863 sqq).
1388 3778 1455 3844 Ιίει·

314 3909 377 3973 que
391 3908 506 3951 censeo
522 3887 580 3952 hos
596 3888 676 3951 duos
692 3897 807 3973 poetae
823 3887 984 3973 Cyrenaei
999 3910 1114 3952 versus
1130 3897 1277 3974 spectare
1294 3889 1337 3952 ad
1353 3889 1456 3954 verba

382 4159 408 4241 1)
382 4160 677 4214 ISimiliterHeracl.
691 4162 744 4215 All
758 4163 836 4212 Hom.
846 4165 888 4214 72.
940 4161 966 4227 2)
986 4165 1030 4217 Et
1039 4179 1073 4218 m,
1081 4165 1124 4225 44,
1135 4166 1165 4213 12
1178 4154 1341 4244 οίκακήτης·
1353 4175 1453 4242 ωσπερ

314 4221 391 4310 παρὰ
410 4224 441 4280 τὸ
460 4224 572 4310 ηνμνής
587 4229 730 4295 γυμνήτας
746 4229 859 4296 γίνεται
877 4221 892 4282 ὁ
911 4221 1056 4299 γνμνήτης
1076 4201 1148 4293 κτί,,
1168 4223 1256 4290 οὕτως
1274 4221 1361 4281 καί’
1343 4222 1454 4293 ακοίκης
1513 4290 1517 4297 Ι

313 4289 457 4360 οἱκοίκητος
475 4292 622 4362 ἀκακήτης
640 4299 697 4348 κτλ.
768 4295 795 4363 3)
813 4299 941 4349 Delectat
931 4306 974 4349 tur
991 4299 1191 4356 Eratosthenes,
1211 4299 1280 4348 sicut
1298 4300 1454 4362 praeceptor

313 4367 371 4417 eius
388 4361 585 4426 Callimachus,
609 4381 722 4415 caesura
743 4367 898 4416 trochaica.
921 4368 950 4416 in
952 4371 993 4416 ter
1007 4366 1190 4484 quadraginta
1209 4371 1262 4414 tres
1281 4364 1452 4418 hexametros

311 4432 540 4504 ¹Eratosthenicos
558 4433 673 4504 triginta
691 4439 822 4504 quattuor
840 4434 879 4488 ita
896 4435 1028 4506 composit
1030 4449 1061 4484 os
1078 4448 1137 4488 esso
1156 4432 1284 4488 videmus.

1663 733 1666 830 l
