3324 5074
630 1061 906 1137 Adnotationes

279 1257 307 1318 1.
343 1253 465 1340 Recepi
499 1252 643 1317 Nauckii
670 1253 942 1320 emendationem:
978 1275 1054 1316 nam
1087 1262 1201 1338 poetae
1234 1253 1336 1317 verba

191 1366 290 1428 etiam
317 1356 397 1428 haec
424 1384 496 1428 esse
524 1361 704 1426 luculenter
732 1361 935 1427 demonstrat
963 1385 1075 1426 eorum
1104 1361 1275 1428 collocatio
1303 1371 1336 1426 et

190 1471 308 1538 vocula
331 1475 453 1537 naiton.
491 1471 531 1536 Id
554 1481 641 1536 certe
663 1473 797 1556 gravius
821 1482 871 1537 est
886 1494 982 1558 quarn
998 1469 1084 1558 quod
1099 1471 1333 1558 Bernhardyus

191 1593 224 1648 et
249 1581 425 1647 Dreslerus
453 1583 487 1644 in
516 1583 713 1646 contrariam
741 1591 868 1667 partem
902 1580 1122 1668 protulerunt:
1157 1582 1334 1667 pessimum

190 1690 315 1756 scilicet
337 1702 433 1778 atque
455 1691 633 1756 absurdum
664 1713 736 1755 esse
763 1692 798 1754 in
825 1691 995 1776 tragoedia
1023 1694 1133 1777 (quam
1154 1672 1332 1776 'Euripidis

189 1801 365 1887 Polyidum
392 1822 463 1866 esse
484 1800 663 1866 arbitratus
692 1810 742 1865 est
769 1799 1025 1885 Valckenarius)
1055 1799 1121 1865 tale
1146 1798 1331 1884 inventum3

189 1931 385 1996 quamquam
419 1910 578 1976 iudicium
612 1932 723 1976 eorum
758 1932 872 1975 verum
904 1931 974 1974 esse
1007 1908 1222 1974 libentissime
1257 1931 1331 1973 con-

189 2020 280 2106 cedo.
330 2017 419 2083 Illud
445 2041 576 2106 quoque
603 2021 692 2084 haud
723 2020 856 2086 iniuria,
872 2017 1046 2083 Dreslerus
1075 2020 1247 2084 adnotavit
1273 2021 1331 2083 rni-

188 2130 273 2194 nime
301 2149 373 2192 esse
403 2129 615 2213 conveniam,
647 2150 766 2212 „wenn
798 2127 1032 2193 Eratosthenes
1067 2127 1179 2192 seinen
1210 2127 1332 2213 Kartg,

188 2237 263 2301 dem
285 2259 320 2302 er
342 2237 541 2302 schwereres
556 2237 718 2323 begriffen
733 2260 773 2302 au
794 2235 902 2302 haben
917 2237 1095 2317 aumuthet,
1118 2238 1201 2302 noch
1217 2237 1330 2302 beson-

188 2347 263 2410 ders
285 2346 429 2418 dariiber
451 2346 587 2428 belehrt‚
611 2347 696 2418 dass¹
710 2348 766 2411 die
788 2344 942 2433 doppelte
965 2347 1051 2411 Seite
1074 2345 1133 2411 das
1155 2347 1331 2411 Vierfaohe

186 2457 233 2520 im
255 2455 406 2537 Quadrat
427 2456 496 2520 und
519 2456 578 2520 das
601 2456 785 2525 Achtfache
806 2457 852 2522 im
873 2455 1003 2520 Wurfel
1024 2456 1142 2542 gebe.“
1179 2457 1330 2543 Denique

187 2575 296 2630 autem
323 2565 428 2629 fateor
451 2587 502 2630 me
529 2587 657 2652 semper
684 2567 839 2631 miratum
869 2586 955 2649 esse,
984 2565 1072 2652 quod
1095 2565 1352 2644 Eratosthenes,

188 2676 231 2758 (si
259 2673 434 2761 epistulam
459 2675 635 2760 genuinam
664 2698 735 2741 esse
762 2677 948 2760 censemus)
981 2697 1095 2740 vocem
1123 2673 1259 2759 ἀρχαῖος
1288 2676 1330 2740 de
1363 2708 1367 2714 ·

187 2769 424 2871 Euripide⁶aut
446 2793 542 2870 poeta
563 2796 651 2851 certe
678 2807 743 2850 non
765 2785 947 2870 antiquiore
957 2786 981 2868 ¹)
1009 2785 1193 2870 usurpavit.
1238 2783 1328 2850 Oete-

185 2916 257 2959 rum
278 2895 313 2956 in
335 2916 384 2961 vs.
406 2892 508 2958 altero
530 2896 639 2959 nescio
662 2917 705 2959 an
727 2894 797 2959 iure
818 2895 852 2957 in
875 2893 987 2958 codiee
1009 2894 1037 2958 B
1062 2893 1172 2976 κύβου
1195 2895 1238 2958 sit
1260 2915 1327 2959 cor-

185 3012 323 3068 rectum.

269 3112 300 3176 2.
339 3110 381 3206 cf.
402 3113 654 3177 Bretschneider
675 3137 707 3201 p.
731 3115 771 3180 98
787 3136 836 3200 sq.

268 3221 300 3286 3.
337 3220 426 3286 Theo
449 3220 580 3310 Smyrn.
603 3223 671 3308 p?
692 3223 780 3288 Bull.
801 3221 1098 3307 Ἐρατοσθένης
1119 3225 1182 3308 μὲν
1203 3225 1270 3308 γὰρ
1290 3225 1327 3288 ἐν

185 3333 231 3416 τῷ
253 3329 747 3418 ἐπιμραφομένρνΠλατωνικῷ
771 3347 893 3417 φησιν,
923 3330 973 3396 ὅτι
996 3335 1136 3416 Δηλίοις
1157 3337 1218 3399 τοῦ
1240 3339 1326 3398 θεοῦ

184 3438 370 3524 χρήσαντος
386 3439 441 3504 ἐπὶ
457 3437 636 3526 ἀπαλλαγῇ
658 3445 779 3525 λοιμοῦ
791 3440 909 3525 βωμὸν
929 3445 991 3506 τοῦ
1006 3439 1103 3520 ὄντος
1124 3437 1331 3508 διπλασίονα

185 3547 435 3614 κατασκευάσαι
443 3599 453 3633 ,
482 3550 614 3635 πολλὴν
643 3549 872 3636 ἀρχιτέκτοσιν
897 3552 1056 3635 ἐμπεσεῖν
1078 3549 1239 3636 οἷπορίαν,
1268 3558 1326 3638 ζη-

184 3662 303 3723 τοῦσιν
324 3656 414 3736 ὅπως
428 3658 491 3744 χρὴ
507 3655 645 3750 στερεὸν
659 3653 800 3744 στερεοῦ
813 3661 974 3743 γενέσθαι
990 3661 1180 3743 διπλάσιον,
1204 3660 1325 3744 ἀφικέ-

185 3774 266 3833 σθαι
289 3791 325 3832 τε
346 3771 575 3854 πευσομένους
598 3769 674 3856 περὶ
696 3772 821 3836 τούτου
844 3773 1038 3847 Πλάτωνος.
1076 3763 1137 3836 τὸν
1158 3770 1196 3836 δὲ
1219 3767 1325 3855 φάναι

252 3971 277 4035 1)
296 3973 389 4038 Neque
400 3975 471 4024 enim
485 3989 576 4026 verum
588 3992 646 4027 esse
659 3983 725 4040 puto
739 3976 810 4042 quod
821 3975 962 4026 Nauclrins
974 3976 1080 4025 scribit:
1098 3990 1204 4037 „rerum
1221 3976 1324 4028 mathe-

184 4041 344 4091 maticarum
361 4042 528 4104 ignorantis,
548 4058 628 4108 quam
646 4045 764 4094 Eutocio
783 4048 853 4093 teste
868 4043 1064 4094 Eratosthenes
1083 4043 1112 4092 in
1130 4041 1221 4093 allatis
1239 4045 1324 4094 versi-

183 4109 233 4158 bus
252 4123 302 4158 suo
320 4109 378 4159 iure
395 4109 576 4174 reprehendit(
592 4112 770 4175 antiquiorem
783 4111 875 4174 potius
888 4111 1020 4174 tragicum
1031 4116 1140 4175 poetam
1153 4126 1232 4176 quam
1244 4113 1323 4161 Euri-

182 4176 274 4241 pidem
287 4177 378 4240 sapit“
392 4177 497 4241 (Eurip.
511 4183 581 4243 trag,
592 4178 634 4227 111
643 4195 668 4242 p.
681 4179 739 4240 VI).
764 4178 923 4241 Ignorantia
936 4185 991 4227 tam
1004 4177 1116 4226 ridicula
1129 4193 1163 4228 ne
1174 4179 1324 4242 antiquiori

184 4243 288 4308 quidem
307 4248 406 4310 poetae
417 4245 503 4295 tribui
515 4250 612 4309 potest.
641 4246 674 4294 In
692 4245 753 4310 ipsa
766 4245 913 4308 tragoedia,
934 4246 1039 4308 opinor,
1057 4259 1131 4294 error
1142 4246 1216 4308 regis
1227 4250 1323 4312 postea

183 4316 226 4362 est
237 4317 374 4362 correctus
394 4304 521 4376 (ἐδόκει
542 4303 569 4362 δ’
590 4305 811 4378 ἡμαρτηκέναι);
831 4310 899 4361 talia
916 4319 1005 4362 autem
1017 4312 1147 4376 Aeschyli
1158 4313 1324 4378 temporibus

183 4379 212 4428 in
228 4378 377 4442 tragoediis
395 4378 458 4432 ficta
476 4395 536 4431 esse
554 4395 692 4444 nunquam
709 4379 775 4430 mihi
793 4380 968 4444 persuadebo.

1084 4460 1121 4516 9*
