3354 5076
314 361 357 422 30
781 345 988 412 unaevmvs

312 524 345 612 ἡ,
368 528 530 607 ἔλλειψις,
566 549 700 612 quarum
735 527 965 608 mutationum,
999 529 1027 590 si
1055 549 1132 590 vera
1166 537 1241 592 sunt
1274 550 1357 615 quae
1391 529 1458 593 dis·

312 637 444 723 putavi,
480 657 578 699 eausa
612 658 677 700 non
711 645 830 701 exstat.
878 633 1059 721 Ἀργυφίης
1086 645 1194 702 autem
1223 637 1361 703 formam
1390 639 1458 703 He-

312 746 467 810 rodianus
490 755 584 831 putat
606 745 787 810 adhibitam
817 767 886 810 esse
913 769 930 808 a
954 747 1049 811 docto
1078 757 1175 832 poeta
1203 747 1269 811 ἀπὸ
1298 749 1458 832 ἱστορίας,

312 859 335 920 i.
359 879 385 920 e.
410 866 516 920 certae
539 855 707 920 cuiusdam
730 859 924 920 narrationis
948 879 1046 921 causa
1068 857 1109 922 de
1131 857 1240 944 aliqua
1255 881 1291 922 re
1305 860 1456 923 traditae.

313 954 365 1029 Cf.
390 965 469 1030 Ath.
493 965 550 1030 lx·
567 989 598 1052 p.
621 966 682 1030 391
706 965 735 1028 E
764 964 887 1050 μήποτ’
917 957 981 1030 οὖν
1004 967 1060 1030 καί
1082 964 1102 1050 ἡ
1127 946 1259 1050 Σαπῳαὶ
1288 965 1365 1058 dud
1388 971 1458 1051 τῆς

314 1076 502 1156 ἱστορίας
530 1073 591 1158 τὴν
617 1073 818 1158 Ἀφροδίτην
841 1059 895 1140 ἐπ’
925 1073 1039 1140 αὐτῶν
1068 1094 1173 1160 φησιν
1202 1074 1369 1159 ὀχεῖσθαι
1401 1079 1458 1140 καί

312 1184 378 1268 γὰρ
402 1183 576 1267 ὀχευτικὸν
600 1181 636 1248 τὸ
659 1188 744 1262 ζῶον
760 1189 901 1272 (passer)
924 1187 980 1250 καὶ
995 1186 1200 1268 πολύγονον.
1240 1185 1346 1251 Schol.
1362 1187 1455 1251 Pind.

314 1295 443 1360 01111
470 1295 512 1358 52
543 1294 688 1377 θήλειαν
715 1295 752 1360 d'a
787 1291 860 1360 εἷπε
895 1297 950 1358 καί
981 1297 1198 1379 χρυσοκέρῳν
1231 1293 1296 1360 ἀπὸ
1330 1297 1458 1380 ίστρίας

315 1402 411 1490 (ἀπὸ
436 1405 625 1486 ἱστορίας
648 1426 709 1468 em.
732 1404 897 1489 Bergkius
921 1405 1005 1469 anal.
1028 1404 1126 1468 Alex.
1152 1405 1185 1471 11
1207 1429 1239 1491 p.
1255 1406 1327 1491 21)·
1352 1404 1369 1470 ὁ
1393 1403 1458 1490 γοὶρ

315 1517 467 1599 &panida
488 1513 620 1597 γράψας
642 1515 802 1597 τοιαύτην
831 1513 937 1598 αὐτὴν
958 1515 1047 1596 λέγει
1068 1520 1137 1579 κτλ.
1184 1515 1291 1597 Schol.
1316 1517 1455 1581 Theoer.

313 1628 344 1707 3,
363 1625 402 1687 15
424 1617 503 1706 ἦρα
519 1626 669 1699 λεαίνας·
696 1621 759 1688 οὐκ
781 1616 847 1706 ἀφ’
873 1625 1075 1708 ἱστορίας,
1099 1623 1185 1688 ἀλλὰ
1201 1623 1255 1689 did
1271 1624 1308 1689 τὸ
1324 1624 1455 1709 ἄγριον.

314 1734 431 1800 Suidas
454 1757 486 1800 v.
503 1736 636 1818 Λημνίῳ
650 1736 739 1817 χειρί
744 1760 749 1796 :
775 1731 848 1818 cippi
871 1735 926 1797 καὶ
941 1733 1135 1820 παρανόμῳ,
1159 1729 1233 1799 ἀπὸ
1257 1740 1324 1818 τῆς
1348 1737 1458 1799 toro

316 1848 417 1928 ρίας.
456 1845 539 1926 (puel
554 1843 618 1925 γὰρ
634 1839 692 1918 τὰς
709 1843 747 1907 ἐν
762 1844 887 1929 Λήμνῳ
909 1855 1072 1925 γυναῖκας
1094 1841 1173 1920 τούς
1195 1830 1322 1927 ἄνδρας
1345 1842 1458 1910 αὐτῶν

315 1954 447 2019 ἀνελεῖν
470 1957 539 2017 κτλ.
579 1952 686 2017 Schol.
711 1952 752 2016 ad
768 1955 904 2018 Aristot.
929 1954 980 2017 ed.
1005 1955 1046 2019 ab
1063 1955 1207 2019 Vsenero
1230 1956 1262 2017 in
1285 1955 1457 2019 annalibus

314 2064 520 2152 philologieis
546 2064 624 2127 1871
649 2085 680 2148 p.
697 2063 759 2126 312
781 2059 819 2125 τὸ
842 2063 879 2127 δὲ
903 2059 1005 2145 »αἱμα
1029 2062 1113 2129 ἄλλα
1133 2062 1177 2147 μὴ
1198 2065 1260 2128 δύο
1280 2066 1456 2147 πρόβατα“

315 2173 377 2240 οὐκ
403 2171 478 2238 dud
503 2174 691 2256 ἱστορίας
713 2171 832 2248 τινὸς
851 2178 989 2256 ιίρηται.
1028 2174 1082 2238 Et.
1098 2163 1236 2257 ms512,
1252 2176 1294 2237 44
1316 2176 1458 2258 κίβδη-

315 2289 402 2348 λον·
428 2277 502 2346 απὸ
527 2283 728 2366 ἱστορίας·
753 2284 788 2346 οἱ
807 2281 873 2367 γὰρ
892 2281 1064 2367 Ἀθηναῖοι
1086 2287 1132 2368 τῳ
1155 2281 1238 2366 πρὸς
1261 2282 1340 2359 τούς
1355 2287 1458 2361 Χίους

315 2399 405 2479 μίσει
427 2393 611 2476 φερόμενοι
635 2392 673 2456 ἐν
695 2403 765 2466 τοὶς
780 2389 952 2475 ἀδοκίμοις
968 2393 1099 2457 ἑαυτῶν
1116 2396 1299 2476 νομίσμασι
1321 2393 1382 2458 τὸν
1397 2399 1459 2459 τοῦ

316 2511 345 2570 Χ
367 2503 475 2568 τύπον
498 2499 757 2584 ἐνχοιράττοντες
773 2500 979 2594 οἱπέρριπτον
993 2504 1270 2586 βδελυσσόμενοι.
1306 2505 1400 2591 Εμοὶ.
1416 2507 1457 2569 ad

316 2615 354 2683 Il.
370 2639 401 2701 p.
421 2615 490 2692 157,
507 2612 548 2676 35
570 2607 608 2674 τό
631 2610 667 2674 di
691 2612 730 2675 ἐν
745 2607 870 2697 Λήμνῳ
886 2611 1129 2696 κατενεχθῆναι
1145 2610 1249 2686 αὐτὸν
1272 2618 1312 2696 τῇ
1328 2619 1458 2699 μυθικῇ

317 2725 544 2810 συμβάλλεται
568 2714 768 2803 πιθανότητι
792 2719 836 2797 ὡς
858 2720 934 2785 aiud
958 2724 1145 2807 ἱστορίας
1168 2727 1238 2786 κτλ.

402 2835 467 2899 Cur
500 2831 664 2915 Bergkius
699 2833 796 2895 etiam
835 2839 1125 2918 pentametrum
1158 2834 1368 2899 Eratostheni
1401 2836 1457 2899 ad·

318 2944 498 3030 signaverit
521 2952 552 3006 et
580 2941 622 3004 ad
646 2941 715 3004 eius
741 2941 908 3039 Erigonen
936 2943 1115 3026 rettulerit,
1144 2943 1295 3008 idoneam
1327 2968 1457 3009 eausam

318 3055 467 3142 equidem
490 3074 556 3115 non
573 3051 685 3134 uideo,
726 3051 822 3115 ,Dicit
844 3053 946 3115 enim:
975 3056 1067 3138 „veri
1095 3054 1200 3117 simile
1228 3053 1374 3141 profecto
1397 3066 1456 3139 est,

318 3190 360 3231 ex
382 3165 495 3229 eodem
525 3169 621 3248 poeta
648 3163 817 3246 utriusque
839 3161 962 3225 formae
990 3163 1174 3250 exemplum
1203 3187 1221 3226 a
1249 3167 1458 3248 grammatico

318 3277 441 3358 all'erri3
473 3275 523 3337 sin
552 3272 755 3337 diversorum
785 3281 860 3336 sunt
887 3283 1055 3358 poetarum
1085 3295 1216 3354 versus,
1246 3277 1364 3338 mirum
1386 3296 1456 3360 pro·

318 3389 414 3467 fecto,
437 3382 524 3470 quod
546 3383 777 3466 grammaticus
794 3381 908 3447 doctus
924 3384 1093 3467 vulgarem
1109 3384 1192 3446 hane
1207 3385 1354 3465 formam,
1378 3407 1458 3471 quae

318 3499 353 3560 in
382 3494 493 3560 multis
521 3493 720 3557 carminibus
751 3493 838 3556 haud
866 3492 965 3556 dubie
992 3493 1090 3557 obvia
1118 3503 1201 3574 crat,
1231 3494 1458 3559 Eratosthenis

318 3606 522 3694 potissimum
552 3601 693 3666 voluerit
720 3603 912 3666 auctoritate
939 3605 1090 3666 firmarc“
1120 3604 1217 3686 (anal.
1247 3603 1345 3668 Alex.
1369 3603 1405 3668 II
1427 3629 1460 3691 p.-

322 3720 386 3801 19).
431 3714 552 3778 Verum
577 3715 674 3777 etiam
698 3714 725 3780 si
747 3721 928 3796 constaret,
951 3715 984 3776 in
1007 3713 1144 3778 multis
1167 3723 1336 3798 poetarum
1359 3715 1459 3780 Grae·
1563 3758 1566 3765 -

319 3849 430 3892 corum
463 3823 661 3888 carminibus
699 3823 820 3886 fontem
853 3825 941 3908 apud
977 3846 1073 3909 quem
1105 3824 1245 3887 Romani
1282 3823 1459 3908 (Graecum

320 3937 412 4001 nobis
434 3938 582 4020 ignotum
592 3934 617 4014 ¹)
641 3935 757 4018 secuti)
774 3936 971 3997 Actaeonem
987 3936 1021 3997 in
1036 3934 1164 3998 Dianae
1180 3943 1388 4018 conspectum
1411 3937 1457 3997 in-

320 4047 440 4111 cidisse
461 4046 631 4128 tradunt²)
652 4045 754 4108 fuisse
777 4054 1071 4125 commemoratum,
1095 4044 1174 4130 quid
1189 4053 1280 4110 vetat
1300 4067 1358 4108 nos
1373 4043 1458 4107 arbi·

320 4156 410 4236 trari5
434 4155 540 4220 solum
555 4155 801 4219 Eratosthenem
825 4163 937 4240 utpote
960 4155 1015 4240 qui
1038 4163 1205 4240 poetarum
1228 4154 1355 4218 illorum
1378 4146 1458 4217 cele-

365 4369 367 4376 .
392 4328 414 4390 t)
434 4326 546 4377 eundem
565 4327 681 4376 fortasse
699 4329 777 4378 ouius
795 4327 861 4378 sunt'
876 4343 969 4378 versus
987 4329 1015 4377 in
1034 4327 1191 4392 Apollodori
1211 4328 1349 4389 codicibus
1368 4325 1459 4392 (1114)

244 4407 247 4412 “
321 4395 431 4450 servati.
533 4393 560 4458 2)
578 4394 671 4458 Vngoi·
689 4395 770 4446 Theb.
789 4396 929 4460 Pamd-p.
949 4399 1006 4446 379.
