3324 5074
685 361 889 419 nnrnnnirs
1318 368 1359 432 83

160 511 163 516 Ι
217 535 344 602 ratione
365 535 531 619 cogitans,
560 533 659 598 hasce
685 536 837 620 proponit
865 534 1084 599 coniecturas:
1114 534 1231 620 »πόλῳ
1259 536 1360 601 fuerit

218 647 316 710 πόλει
337 644 391 708 vel
413 645 535 729 πεδίῳ,
557 645 590 707 in
614 644 750 709 vocibus
773 643 812 722 ἐν
835 643 894 727 ε’νη
917 645 970 708 vel
992 645 1120 709 Oenoes
1142 645 1196 709 vel
1218 645 1360 710 Nemeae

171 810 175 814 .
218 757 340 821 mentio
363 754 495 838 latebit3
524 755 659 838 cogitari
682 753 785 838 possit
812 754 910 817 etiam
932 754 974 817 de
996 755 1197 841 Naupacto.“
1240 755 1361 820 Obstat

219 874 251 929 et
266 861 470 950 Bernhardyi
493 873 525 928 et
543 863 674 928 Mtilleri
695 864 875 926 sententiae
897 864 985 948 quod
1007 872 1081 950 post
1102 866 1205 929 verba
1227 863 1273 939 ὥς
1293 888 1359 948 φη-

220 991 276 1038 σιν
293 969 492 1054 Ἀλκιδάμας
515 970 553 1036 ἐν
574 974 737 1058 Μουσείῳ
759 971 1000 1037 Eratosthenici
1021 994 1149 1059 quoque
1170 974 1246 1040 libri
1270 975 1358 1060 apel·

218 1082 374 1149 lationem
401 1091 639 1168 exspectamus.
688 1081 918 1167 Requirendus
947 1083 1048 1167 igitur
1075 1093 1125 1148 est
1153 1084 1267 1149 titulus
1290 1105 1358 1148 car·

219 1193 361 1276 minis.¹)
399 1191 443 1254 Et
457 1213 477 1254 a
491 1190 648 1255 Barnesio
663 1191 795 1277 quidem
811 1192 851 1256 ἐν
869 1188 1097 1279 Ἀνδραπόδῳ,
1120 1215 1140 1256 a
1155 1193 1359 1278 Goettlingio
1457 1187 1460 1194 ⁴

220 1301 318 1388 (Hes.
341 1301 486 1365 carmina
508 1324 544 1387 p..
555 1301 635 1386 XV)
660 1299 698 1364 ἐν
716 1299 885 1386 Ἡσιόδῳ
907 1303 1110 1388 propositum
1133 1313 1199 1367 est:
1223 1325 1360 1390 quorum

111 1501 113 1506 A
217 1413 380 1498 posterius
402 1411 466 1474 viri
488 1409 576 1475 docti
597 1410 667 1474 iure
689 1410 921 1496 praetulerunt.
929 1411 955 1494 ²)

253 1514 255 1519 ’
303 1521 343 1585 In
364 1519 552 1584 adferendis
574 1520 819 1584 interfectorum
840 1521 1024 1586 nominibus
1047 1545 1120 1586 cunr
1143 1524 1359 1589 Eratosthene
1391 1528 1397 1538 '

218 1631 426 1695 consentiunt
440 1630 620 1695 Pausanias
636 1639 668 1694 et
683 1629 801 1694 Suidas
823 1632 869 1712 (v.
881 1625 1060 1716 Ἡσίοδος),
1082 1633 1147 1696 nisi
1169 1633 1256 1720 quod
1271 1633 1358 1720 apud

219 1739 304 1804 hunc
326 1741 428 1826 patris
450 1762 569 1805 nomen
590 1734 655 1804 nori
676 1738 833 1804 traditur:
856 1748 953 1826 atque
976 1764 1015 1805 ea
1031 1742 1213 1808 Pausaniae
1235 1752 1357 1828 tempo-

218 1851 310 1916 ribus
338 1852 442 1934 magis
470 1852 505 1915 in
530 1850 686 1914 memoria
714 1849 888 1914 hominum·
907 1850 1008 1915 fuisse
1037 1874 1134 1938 quam
1161 1854 1295 1918 nomina
1315 1853 1358 1917 ab

218 1960 445 2024 Alcidamante
466 1959 569 2025 relata
591 1960 815 2024 demonstrant
829 1960 1012 2024 Pausaniae
1028 1962 1129 2026 verba
1151 1960 1201 2027 ὅτι
1217 1959 1359 2045 μὲνγὰρ

174 2081 177 2090 ’
218 2069 258 2132 ολ
284 2070 428 2145 παῖδες
455 2073 528 2133 τοῦ
556 2067 822 2152 Γανύκτορος
850 2072 1051 2151 Κτίμενος
1084 2067 1360 2154 καλἍντιφος

218 2181 347 2262 ἔφυγον
370 2179 404 2253 ἐς
426 2179 629 2259 Μολυκρίαν
660 2176 697 2240 ἐκ
719 2170 931 2242 Ναυπάκτου
959 2179 1014 2243 διὰ
1042 2184 1103 2244 τοῦ
1116 2151 1277 2244 Ἠσιόδου
1298 2178 1358 2244 τὸν

218 2290 329 2370 φόνον
343 2285 398 2351 καὶ
421 2283 544 2350 αὐτόθι
566 2283 771 2369 ἀσεβήσασιν
794 2287 829 2362 ἐς
843 2289 1045 2354 Ποσειδῶνα
1061 2289 1192 2372 ἐγένετο
1208 2292 1265 2374 [τῇ
1280 2293 1358 2353 Μο-

217 2399 355 2482 tenura]
379 2399 497 2480 σφίσιν
524 2391 661 2479 ἡδίκη,
688 2395 789 2460 Ιτοὶὸε
810 2397 883 2480 μὲν
915 2380 982 2462 καλ
1013 2399 1056 2462 οἱ
1078 2400 1228 2476 πάντες
1256 2399 1357 2463 κατολ

216 2504 341 2570 ταύτὰ
370 2504 568 2590 εἰρήκασι.
614 2505 728 2592 Neque
755 2507 948 2573 Plutarchus
978 2507 1141 2573 diversam
1169 2509 1210 2574 de
1239 2510 1300 2573 hac
1322 2532 1357 2574 re

216 2618 335 2680 famam
356 2617 467 2699 refert,
490 2618 546 2702 qui
567 2614 705 2680 Hesiodi
720 2637 925 2702 percussores
942 2616 1138 2704 Ganyctoris
1154 2618 1237 2683 filios
1257 2619 1357 2683 fuisse

215 2736 327 2790 narrat
348 2726 404 2810 (de
427 2724 496 2793 soll.
520 2727 617 2789 anim.
634 2748 665 2810 p.
682 2725 768 2806 969).
806 2726 929 2790 Contra
944 2725 1205 2791 Alcidamantem
1227 2736 1356 2792 secutus

216 2845 266 2900 est
292 2833 487 2900 Aristoteles
520 2857 594 2898 cum
620 2833 767 2899 fabulam
798 2833 839 2897 de
868 2835 1004 2899 Hesiodi
1036 2845 1139 2900 morte
1166 2835 1355 2919 tradiditi);

214 2947 263 3011 ita
285 2946 371 3009 enim
393 2945 533 3008 Tzetnes
557 2965 583 3008 ο.
607 2944 628 3008 3
650 2943 707 3029 (cf.
730 2945 821 3030 p.'15
843 2943 980 3027 Gaisf.):
1003 2942 1228 3028 Ἀριστοτέλης
1248 2941 1314 3030 γὰρ
1336 2942 1356 3011 ὁ

216 3051 418 3138 φιλόσοφος,
441 3055 571 3136 μᾶλλον
593 3049 623 3116 d’
648 3047 740 3135 οἶμαι
762 3050 779 3117 ὁ
802 3050 882 3129 τούς
909 3054 1058 3130 πέπλους
1079 3054 1291 3140 συντάξαςλ),
1318 3055 1356 3120 ἐν

214 3167 255 3249 τῇ
282 3161 505 3249 Ὀρχομενίων
537 3165 687 3248 πολιτεία
720 3165 930 3246 Στησίχορον
966 3163 1026 3228 τὸν
1058 3161 1240 3247 μελοποιὸν
1269 3159 1360 3229 εἶναί

215 3290 321 3358 φησιν
342 3269 420 3337 υίόν
435 3268 606 3352 Ἡσιόδου,
630 3273 668 3337 ἐκ
690 3271 749 3354 τῆς
763 3273 932 3355 Κτημένης
953 3269 1044 3355 αὐτῷ
1065 3272 1276 3358 γεννηθέντα
1297 3277 1356 3357 τῆς

213 3381 492 3465 Ἀμφιφάνους
527 3383 584 3444 καλ
617 3380 879 3462 Γανύκτορος
904 3377 1076 3465 ἀδελφῆς,
1113 3381 1285 3467 θυγατρὸς
1317 3384 1355 3447 δὲ

216 3490 389 3576 Φηγέως.
434 3492 487 3557 cf.
511 3513 538 3555 c.
561 3493 582 3555 4
609 3489 795 3575 ἀναιρεῖται
817 3488 872 3554 καλ
895 3489 1044 3573 ῥίπτεται
1067 3493 1115 3568 εἰς
1141 3490 1204 3575 τὴν
1224 3492 1354 3556 θάλασ-

215 3619 279 3666 σαν
301 3599 346 3678 ὠς
360 3604 505 3687 φθείρας
526 3599 588 3686 τὴν
603 3597 756 3684 ἀδελφήν
771 3601 913 3666 ἐκείνων
927 3599 1114 3685 Κτημὲνην,
1140 3600 1175 3678 ἐξ
1196 3593 1237 3684 ἧς
1259 3601 1353 3684 ἐγεν-

284 3847 308 3910 1)
327 3849 464 3900 Holstenii
482 3851 677 3912 coniecturam,
702 3843 733 3900 dv
747 3839 887 3918 Ἠρινόνφ
906 3850 977 3914 quod
995 3850 1121 3900 Osannus
1139 3865 1165 3913 p.
1183 3849 1216 3898 ‘25
1233 3850 1263 3898 in
1278 3837 1353 3913 Ἠρι-

214 3908 285 3984 γόνῃ
302 3917 418 3966 mumvit
435 3918 603 3969 scribendum
621 3932 680 3968 esse
699 3912 842 3978 censentis,
861 3922 924 3980 post
935 3916 1046 3980 Bergkii
1058 3916 1270 3980 disputationem
1283 3930 1308 3979 p.
1323 3917 1353 3966 18

214 3984 336 4034 refutare
357 3999 411 4033 non
434 3997 503 4049 opus
524 3990 574 4036 est.
676 3985 702 4045 2)
721 3983 905 4048 Euphorionis
928 3999 1035 4048 quoque
1057 3983 1143 4034 fuisse
1164 3998 1260 4048 poema
1283 3983 1355 4047 qnod

212 4051 349 4103 Hesiodus
366 4051 525 4116 inscriptum
543 4057 603 4102 erat
619 4051 732 4100 adnotat
743 4051 886 4114 Bergkius.
955 4055 981 4109 3)
1000 4051 1060 4100 Nisi
1071 4065 1132 4100 cum
1144 4050 1227 4101 Rosio
1240 4051 1354 4100 Aristot.

213 4119 382 4185 pseudepigr.
401 4134 427 4184 p.
445 4121 494 4169 508
515 4119 670 4180 statuimus,
689 4118 848 4169 Aristotelis
866 4118 1148 4168 commemorationem
1165 4116 1224 4168 solo
1235 4115 1352 4167 Tnetzne

213 4202 303 4238 errore
321 4201 382 4239 esse
399 4184 523 4236 inlatam:
543 4186 571 4234 id
584 4185 654 4250 quod
665 4185 871 4249 haudquaquam
887 4184 1065 4251 improbabile
1077 4190 1128 4235 est.
1160 4183 1266 4235 sivero
1279 4188 1353 4236 recte

214 4254 517 4321 philosopharentur,
535 4254 594 4317 ipse
611 4252 677 4302 haec
696 4258 826 4315 tunquam
844 4252 969 4303 fabulosa
990 4251 1135 4316 protulisse
1154 4252 1353 4302 existimandus

214 4327 269 4371 est:
287 4339 349 4373 nnm
367 4323 401 4373 ab
418 4336 450 4372 eo
469 4320 654 4372 Stesichorum
673 4335 722 4384 pro
741 4319 852 4368 Hesiodi
868 4318 924 4368 filio
942 4318 1065 4369 habitum
1084 4335 1143 4370 esse
1165 4320 1225 4385 quis
1245 4321 1353 4384 estqui

214 4389 325 4439 eredat?
426 4391 455 4452 4)
474 4389 516 4441 Of.
536 4388 625 4450 Bergk
644 4393 738 4451 poetae
755 4386 806 4449 lyr.
824 4385 870 4442 Gr.
888 4403 915 4451 p.
934 4389 994 4437 648.

1112 4468 1150 4524 6*
