3354 5076
704 359 915 411 Mnaovfflvs
1341 358 1381 420 61

240 526 329 593 bent.
373 526 528 591 τέτυκται
550 527 709 592 immerito
737 527 772 590 in
794 527 932 592 τέτυκτο
954 528 1017 591 viri
1045 525 1132 591 docti
1157 527 1381 591 mutaverunt:

240 659 314 702 nam
337 639 544 725 perspicuum
567 646 627 721 est,
653 649 801 723 tempora
822 637 997 724 praeterita
1018 636 1053 699 in
1075 637 1115 700 iis
1137 646 1263 701 tantum
1285 637 1382 702 rebus

240 747 431 813 enarrandis
455 758 541 834 apte,
565 748 627 812 etsi
650 769 715 811 non
737 749 932 829 necessario,
956 746 1104 810 adhiberi
1122 747 1279 833 potuisse,
1302 769 1383 833 quas

240 857 321 922 deus
344 857 457 923 mundi
473 856 708 944 contemplator
730 859 817 943 ipse
840 857 946 923 vidit
967 857 1021 922 vel
1042 856 1220 938 audivit,
1244 856 1278 920 id
1295 857 1382 942 quod

240 967 282 1030 de
303 967 425 1052 frigore
447 989 512 1032 non
532 967 631 1036 valet,
667 967 723 1052 (ln
744 968 954 1054 sequentibus
976 989 1106 1054 quoque
1127 967 1312 1053 praesentia
1327 966 1382 1029 ha-

241 1078 314 1142 bes:
338 1080 445 1168 ἔασιν,
468 1079 630 1164 υιιίουσι.)
670 1065 793 1142 Contra
811 1077 846 1142 id
866 1087 954 1142 recte
973 1077 1137 1162 Bergkius
1161 1077 1327 1162 cognovit,
1349 1078 1383 1138 in

174 1268 178 1274 ν
240 1190 445 1272 τερίψυκτος
466 1189 553 1275 quod
574 1187 632 1253 alii
654 1189 846 1252 mendosum
862 1197 1054 1254 censuerant
1075 1209 1140 1252 non
1155 1186 1382 1252 offendendum

172 1333 178 1346 ·
241 1320 323 1362 esse.
367 1298 422 1362 Ad
445 1292 655 1383 apostatice
682 1321 760 1364 sane
787 1307 936 1385 spectare
962 1299 1092 1385 nequit:
1120 1291 1195 1361 nam
1222 1295 1382 1386 „glaciem
1429 1363 1432 1368 ,

240 1407 488 1492 frigidissimam
511 1410 679 1474 exstitisse
701 1431 767 1474 non
794 1419 865 1474 erat
886 1409 1058 1493 frigidiore
1085 1406 1268 1472 docendum
1291 1406 1383 1470 addi·

241 1521 409 1582 tamento“
433 1519 548 1604 (verba
571 1528 647 1584 sunt
668 1518 903 1606 Bernhardyi).
948 1519 1024 1582 Iure
1051 1519 1154 1602 igitur
1176 1515 1324 1602 Scaliger
1351 1524 1384 1578 et

241 1628 405 1712 Bergkius
435 1650 477 1694 ex
504 1631 615 1695 verbis
643 1631 849 1712 ττερίψυκτος
871 1628 908 1694 δὲ
931 1629 995 1693 τέτ.
1025 1628 1270 1711 concluserunt,
1298 1628 1381 1690 eius-

240 1740 328 1802 modi
350 1761 467 1803 nomen
490 1740 585 1826 quale
609 1748 657 1803 cst
679 1748 758 1821 γαῖα
780 1761 1009 1826 praegressum
1032 1760 1115 1804 esse.
1146 1737 1204 1802 'Et
1226 1737 1383 1800 hactenus

241 1849 510 1934 quidem‘omnia
530 1847 648 1934 ‚plana
701 1850 770 1932 Iam
802 1859 911 1913 autem
941 1850 1123 1936 quaeritur,
1156 1848 1214 1912 ubi
1242 1848 1382 1933 positum
1423 1926 1427 1934 1

240 1958 339 2023 fuerit
353 1957 434 2024 illud
450 1957 576 2024 nomen.
608 1957 707 2038 Quod
722 1959 867 2043 Scaliger
881 1961 1020 2025 coniecit
1035 1961 1069 2023 in
1085 1979 1198 2023 versus
1213 1959 1307 2022 initio
1323 1967 1386 2021 κεῖ

240 2079 361 2151 γαῖαν
383 2071 503 2151 fuisse,
531 2071 790 2154 ingeniosissime
812 2071 1033 2155 excogitatum
1056 2079 1120 2134 est:
1152 2067 1383 2132 multominus

241 2177 347 2264 placet
362 2181 479 2262 κείνην
493 2189 595 2261 γαῖαν
610 2180 651 2243 de
666 2183 759 2244 tenis
782 2181 944 2266 utrique
967 2179 1041 2267 polo
1057 2178 1272 2244 circumiectis
1290 2201 1383 2242 usur-

241 2299 364 2374 patum2
379 2298 419 2353 et
441 2289 624 2375 corruptela
646 2301 732 2354 certe
755 2291 857 2356 multo
872 2289 1003 2355 facilius
1019 2290 1098 2356 oriri
1113 2288 1228 2376 potuit,
1252 2288 1281 2352 si
1304 2287 1384 2352 Era-

241 2398 405 2463 tosthenes
434 2408 489 2463 κεῖ
512 2409 613 2480 γαῖαν
640 2411 802 2486 posuerat.
852 2401 967 2488 Neque
993 2400 1172 2488 quidquam
1196 2419 1263 2462 nos
1291 2408 1384 2463 vetat

141 2570 147 2577 .
240 2517 356 2594 poetae
378 2507 603 2573 Alexandrino
632 2531 746 2575 vocem
768 2510 1011 2576 Archilochiam
1039 2509 1229 2575 attribuere.
1274 2510 1383 2596 Epim.

242 2617 340 2682 Hom.
363 2641 395 2704 p.
419 2617 456 2684 71
488 2618 652 2705 (deinoi)
680 2617 763 2704 ὅπερ
794 2619 850 2685 καὶ
878 2619 961 2686 κατὰ
990 2622 1099 2697 πάθος
1124 2616 1384 2706 μονοσύλλαβον

241 2731 359 2811 γέγονε
383 2739 444 2793 κεῖ.
490 2751 521 2814 p.
544 2729 607 2794 249
629 2726 720 2814 τυροὶ
741 2727 779 2794 τὸ
803 2729 912 2797 ἐκεῖθι
934 2739 1025 2796 κεῖθι
1047 2731 1103 2795 καὶ
1126 2741 1181 2796 κει·
1200 2727 1290 2812 παρὰ
1309 2726 1383 2814 Ἀρ-

146 2913 149 2918 ,
241 2838 372 2924 χιλόχῳ.
419 2836 510 2917 Quid
540 2861 635 2922 vcro,
664 2841 693 2904 si
723 2851 830 2906 κειται
858 2837 901 2905 ἄν
929 2840 1113 2927 corruptela
1135 2838 1310 2904 verborum
1333 2849 1388 2903 κεῖ

241 2959 342 3032 γαῖαν
357 2957 462 3013 ortum
479 2958 540 3033 est,
561 2952 595 3015 in
610 2949 728 3016 litteris
744 2951 867 3034 υττὲσχε
881 2951 983 3016 latet?
1020 2951 1158 3016 Errasse
1173 2949 1253 3014 mihi
1269 2949 1382 3014 viden-

241 3070 305 3143 tur,
329 3061 513 3146 quicunque
535 3061 692 3127 acristum
715 3063 794 3143 ἔσχε.
812 3063 1027 3128 retinuerunt.
1064 3062 1149 3127 Nam
1176 3063 1210 3126 in
1233 3061 1294 3126 hac
1316 3060 1383 3124 dc-

242 3169 480 3256 scriptione,
504 3170 545 3235 dc
567 3171 657 3236 cuius
680 3172 832 3237 instituto
854 3174 919 3236 iam
942 3173 1022 3237 satis
1043 3171 1244 3256 dictumest,
1267 3171 1384 3255 imper-

242 3281 362 3346 fectum
385 3279 438 3344 vel
460 3280 813 3369 plusquamperfectum
837 3281 943 3347 locum
965 3282 1081 3365 habet,
1109 3305 1175 3346 non
1201 3283 1278 3346 item
1301 3282 1382 3344 aori-

243 3400 330 3473 stus,
365 3392 422 3478 qui
454 3401 542 3456 recte
577 3413 648 3456 sese
681 3392 829 3473 haberet,
864 3393 892 3456 si
920 3401 1017 3480 poeta
1045 3392 1157 3456 mundi
1185 3390 1383 3456 creationem

242 3501 434 3584 narrareti)
483 3500 599 3588 Itaque
630 3504 659 3566 si
686 3501 831 3587 Scaliger
859 3501 1057 3566 substantivi
1083 3501 1194 3567 sedem
1222 3509 1308 3566 recte
1334 3502 1382 3565 in-

239 3612 438 3695 ·vcstigavit‚
467 3612 574 3697 potius
603 3612 803 3697 putaverim,
831 3611 957 3677 litteras
986 3612 1108 3695 αττέσχε
1136 3589 1208 3676 esse
1229 3612 1384 3698 reliquias

243 3721 426 3807 imperfecti
442 3721 476 3784 in
492 3736 568 3786 εσκε
583 3721 774 3804 desinentis,
789 3721 892 3787 veluti
908 3721 1097 3805 κρύπτεσκε
1112 3721 1165 3789 vel
1180 3721 1352 3805 τρύχεσκε.
1362 3722 1383 3803 ²)

243 3829 279 3893 Si
301 3851 380 3894 vero
403 3839 508 3895 κεῖται
529 3831 571 3895 ab
594 3831 810 3898 Eratosthene
834 3833 1015 3918 profectum
1038 3843 1088 3899 est
1117 3832 1218 3918 (quod
1239 3833 1384 3918 praecise

243 3941 357 4025 negari
379 3962 445 4006 non
466 3942 597 4028 potest),
621 3942 654 4006 in
677 3939 843 4025 οἷναπέσχε
865 3942 1106 4010 substantivum
1128 3963 1260 4006 numero
1276 3942 1384 4025 singu-

168 4048 170 4052 ”
243 4048 304 4113 lari
324 4059 515 4137 usurpatum
538 4073 610 4115 cum
632 4053 871 4139 praepositione
894 4053 982 4119 latet.

313 4265 341 4332 1)
361 4261 459 4333 ἔτετμε
484 4267 516 4317 fr.
539 4265 631 4318 XVllI
658 4268 723 4318 mihi
746 4284 801 4320 non
828 4270 981 4334 oppositum
1004 4268 1038 4319 iri
1064 4285 1154 4334 spero.
1252 4271 1279 4331 2)
1307 4269 1385 4320 Simi-

244 4333 307 4385 liter
329 4341 411 4386 acnnt
433 4335 661 4386 versus'Theocr.
680 4340 721 4400 25,
744 4340 788 4386 141
813 4335 913 4404 βουσὶν
932 4329 983 4389 ἰώκ
1003 4332 1178 4404 λάμπεσκεκ,
1202 4327 1335 4404 ἀρίζηλος
1354 4328 1382 4389 o?

142 4456 147 4462 ,
243 4395 384 4455 ἐτέτυκτο.
