3324 5074
294 375 337 439 90
722 391 725 396 ·
764 373 968 424 ιονεαιοιε

294 541 355 626 τὴν
377 541 480 620 δόξαν
501 545 562 606 τοῦ
579 536 748 605 Ἡσιόδου.
787 539 827 603 de
849 538 920 604 soli.
943 561 996 603 an.
1019 563 1050 624 p.
1074 539 1137 604 984
1152 539 1183 602 D
1206 539 1284 623 περὶ
1305 538 1343 603 τδ
1367 537 1437 602 Νέ-

293 675 389 736 μειον
410 651 566 742 θαλάσση
588 649 835 733 διαφερόμενον
857 646 1020 733 ἀράμενοι
1041 650 1208 732 δελφῖνες,
1232 649 1339 733 ἕτεροι
1355 647 1436 730 παρ’

240 799 244 802 -
294 760 416 844 ἑτέρων
440 761 662 844 ἐκδεχόμενοι,
690 760 878 843 προθύμως
901 760 948 834 εἰς
962 757 999 822 τό
1017 757 1105 824 Ῥίον
1128 758 1285 834 ἐκθέντες
1305 757 1437 834 ἔδειξαν

295 869 518 954 ἐσφαγμένον.
568 871 620 934 cf.
647 878 817 956 praeterea
849 869 957 956 verba·
979 868 1173 935 Certaminis
1203 893 1234 956 p.
1260 867 1302 932 82
1337 890 1357 932 a
1383 888 1435 933 me

293 981 458 1068 exscripta
480 989 513 1045 et
534 981 647 1045 Tzetz.
670 1002 698 1044 c.
720 980 751 1045 4.

804 1183 925 1247 XXIV

377 1318 486 1385 Schol.
509 1320 580 1383 Nic.
596 1318 695 1383 Ther.
710 1318 774 1383 400
796 1315 873 1402 ίυγη
897 1317 934 1383 δὲ
950 1320 1049 1402 φωνή
1064 1316 1211 1398 τίςέστι,
1233 1313 1297 1401 βοὴ
1313 1314 1434 1401 ἀδιόρ-

293 1434 427 1512 θρωτος
455 1425 521 1492 ἀπὸ
547 1432 608 1492 τοῦ
633 1431 880 1511 συμβαίνοντος
899 1428 1117 1511 πεποιημένη.
1161 1429 1217 1491 καλ
1235 1423 1434 1509 Ἐρατοσθέ-

293 1563 355 1622 νης
377 1539 415 1603 ἐν
434 1527 621 1623 Ἀντερινύι
634 1539 657 1620 ¹)
681 1539 776 1619 περὶ
798 1534 923 1613 κυνός
945 1539 1052 1619 λέγων
1076 1532 1182 1603 εἶπεν,

445 1674 564 1756 ίυγῆς
585 1672 618 1737 δ’
641 1671 692 1748 ὠς
713 1676 874 1755 παῦρον
898 1670 1114 1737 ἐπέκλυον.

378 1803 410 1870 δ’
434 1804 479 1881 ἀς
500 1807 537 1871 Ρ.
575 1807 612 1870 δὲ
635 1802 679 1881 ἀς
700 1807 782 1871 KG.
813 1846 850 1854 —
880 1807 1043 1871 ἐπέκλυον
1071 1807 1147 1871 GL.
1190 1805 1370 1872 ἀπέκλινεν
1391 1808 1433 1872 Κ.

292 1914 462 1981 ἀπέκλυευ
484 1915 521 1980 Ρ.
559 1916 737 1999 (ἐπέκλυεν
760 1916 991 2005 Bernhardyus
1014 1941 1046 2003 p.
1071 1919 1157 2001 157.)

377 2025 502 2108 „Plane
523 2025 644 2090 cadunt
665 2025 746 2090 haec
760 2026 871 2090 'verba
892 2028 930 2090 in
942 2025 1142 2114 Gapyetoris
1164 2027 1260 2108 filios,
1284 2029 1434 2113 quicum
1558 2099 1564 2108 ,

291 2137 432 2222 primum
461 2135 550 2199 canis
578 2135 666 2199 illius
694 2135 750 2221 qui
778 2135 925 2200 Hesiodo
958 2137 1109 2200 morienti
1140 2136 1292 2200 adfuerat
1320 2157 1435 2207 vocem

293 2243 441 2326 audiunt,
463 2245 572 2309 subito
595 2254 827 2330 expavescunt,
850 2246 972 2310 conscii
994 2246 1146 2310 facinoris
1162 2245 1251 2331 quod
1266 2248 1433 2311 commise·
1498 2241 1500 2246 ’
1594 2251 1596 2255 ’

292 2363 376 2438 νοοῖ,
399 2355 508 2439 itaque
529 2355 594 2438 ipsi
616 2376 650 2417 se
672 2354 849 2440 produnt.“
892 2356 1006 2440 Bergk
1020 2355 1037 2419 I
1052 2379 1085 2441 p.
1100 2357 1151 2420 27.
1190 2355 1276 2420 Plut.
1299 2355 1340 2419 de
1362 2357 1433 2420 soll.

292 2486 345 2528 an.
366 2486 398 2548 p.
415 2462 477 2526 969
492 2463 524 2524 Ι)
548 2463 604 2547 (de
625 2485 705 2528 cane
722 2467 777 2549 qui
792 2464 918 2529 ululatu
934 2464 1061 2552 Pyrrho
1077 2467 1147 2549 regi
1168 2464 1239 2529 heri
1261 2466 1313 2529 sui
1335 2466 1433 2531 inter-

292 2573 448 2638 sectorem
463 2571 622 2658 prodidit)
647 2572 718 2646 ἐπελ
741 2572 778 2638 δὲ
793 2571 873 2648 τούς
888 2563 1012 2658 φονέας
1026 2577 1087 2638 τοῦ
1103 2574 1270 2639 δεσπότου
1291 2574 1433 2659 παριόν-

155 2707 185 2734 -ι
292 2705 350 2758 τας
372 2677 479 2762 εἶδεν,
511 2681 669 2765 ἐξέδραμε
691 2680 772 2765 μετά
796 2687 914 2766 φωνῆς
936 2683 992 2748 καὶ
1013 2688 1128 2767 θυμοῦ
1156 2682 1208 2748 ἐπ’
1233 2679 1356 2761 αύτούς
1378 2681 1434 2748 καὶ

293 2791 500 2857 καθυλάκτει
516 2791 676 2867 πολλάκις
689 2793 1001 2878 μεταστρεφόμενος
1023 2794 1070 2870 είς
1089 2791 1150 2858 τὸν
1165 2793 1323 2877 Πύρρον·
1350 2791 1434 2858 ὥστε
1521 2819 1527 2828 ·

291 2899 335 2986 μη
356 2885 467 2984 μόνον
498 2901 616 2988 ἐκείνφ
645 2894 688 2966 δι’
720 2898 866 2980 ὑποψίας
893 2901 979 2968 ἀλλά
1009 2904 1065 2968 καί
1093 2891 1174 2967 πᾶσι
1195 2914 1266 2980 τοῖς
1285 2907 1434 2988 παροῦσι

291 3007 371 3086 τούς
402 3007 607 3094 ἀνθρώπους
637 3009 808 3094 γενέσθαι.
864 3009 918 3076 διδ
952 3012 1204 3098 συλληφθέντες
1239 3009 1346 3089 εύθδς
1377 3011 1434 3076 καί

201 3135 205 3147 ’
291 3118 552 3203 ἀνακρινόμενοι
578 3125 710 3205 μικρῶν
737 3143 840 3185 τινων
872 3125 1061 3206 τεκμηρίων
1091 3122 1216 3199 ἔξωθεν
1245 3139 1434 3206 προσγενο-
1481 3162 1482 3165 =

196 3233 198 3238 ’
291 3231 404 3314 μένων
432 3228 700 3313 ὁμολογήσαντες
721 3227 781 3293 τὸν
809 3232 919 3312 φόνον
946 3230 1194 3315 ἐκολάσθησαν.
1239 3235 1367 3296 ταῦτα
1395 3231 1432 3295 δὲ

292 3342 348 3404 καί
369 3336 429 3404 τὸν
446 3337 606 3405 Ἡσιόδου
628 3339 717 3404 κύνα
737 3345 798 3404 τοῦ
818 3344 930 3425 σοφοῦ
952 3342 1073 3423 δρᾶσαι
1094 3343 1241 3424 λέγουσι,
1264 3338 1343 3417 τούς
1361 3345 1433 3405 Γα-

291 3448 455 3531 νύκτορος
488 3447 702 3532 ἐξελέγξαντα
730 3452 793 3514 τοῦ
823 3453 1045 3514 Ναυπακτίου
1078 3452 1216 3532 παῖδας,
1245 3445 1307 3533 ὑφ’
1335 3441 1385 3514 ἀν
1415 3448 1433 3514 ὁ

286 3556 439 3633 Ἡσίοδος
460 3555 643 3623 ἀπέθανεν.
680 3582 711 3644 p.
735 3561 798 3624 984
812 3561 844 3622 D
867 3562 937 3625 ἔδει
957 3559 995 3626 δὲ
1016 3557 1076 3623 τόν
1098 3559 1186 3624 κύνα
1208 3558 1432 3642 αίτησάμενον

285 3667 529 3751 (ἐπαινέσαντα
559 3667 748 3733 dubitanter
776 3671 817 3756 ej.
848 3669 1136 3754 Wyttenbachius)
1163 3665 1207 3751 μὴ
1230 3670 1433 3749 παραλιπεῖν

290 3774 369 3854 τούς
391 3778 565 3860 δελφῖνας·
594 3773 726 3859 τυφλόν
747 3774 812 3860 μάρ
834 3769 879 3861 ἦν
907 3776 945 3841 τό
967 3777 1104 3861 μήνυμα
1126 3781 1188 3841 τοῦ
1211 3777 1325 3860 κυνός,
1348 3774 1432 3842 ύλα-

291 3891 451 3962 κτοῦντος
466 3887 522 3950 καί
537 3885 618 3970 μετά
638 3889 720 3970 βοῆς
736 3887 982 3971 ἐπιφερομένου
1003 3897 1072 3962 τοϊς
1091 3891 1234 3971 φονεῦσι
1249 3892 1320 3952 κτλ.
1357 3888 1430 3952 Pol-

290 3997 349 4088 lup
364 3998 392 4062 V
408 3998 450 4061 42
473 3996 507 4060 οἱ
526 3996 564 4061 δὲ
580 3993 739 4061 Ἡσιόδου
756 3994 884 4081 (κύνες)
902 3998 1165 4082 παραμείναντες
1182 3995 1273 4084 αύτῷ
1295 3995 1431 4082 ἀναιρε-

290 4104 387 4170 θέντι
415 4105 621 4188 κατήλεγξαν
650 4102 759 4189 ὑλακῇ
786 4103 865 4182 τούς
894 4106 1137 4191 φονεύσαντας.
1184 4103 1262 4172 ὁδε
1286 4105 1431 4190 Ἰκαρίου

359 4329 383 4392 1)
402 4321 434 4381 ἐν
451 4322 596 4394 ἀυτερινύι
614 4330 646 4380 G.
681 4321 712 4380 ἐν
730 4321 895 4396 ἀντεριννύι
914 4333 944 4381 Ρ.
978 4327 1030 4381 νῦν
1053 4320 1273 4397 ἀντεριννύιεΚ.
1306 4321 1337 4380 ἐν
1357 4322 1430 4397 Ἠρι-

290 4389 361 4465 γόνη
379 4394 414 4460 ej.
435 4399 456 4452 1.
475 4396 508 4447 d.
528 4396 682 4447 Schneider.
718 4398 759 4448 cf.
779 4399 871 4464 Bergk
887 4400 901 4448 1
920 4415 945 4464 p.
968 4402 1006 4449 10.
