3354 5076
679 386 889 438 uunovmvs
1318 385 1357 447 19

214 555 301 616 σίοιο
317 552 340 636 ¹)
370 551 579 616 hauddubie
604 552 770 616 reicienda
803 561 861 616 est.
913 553 977 615 Sed
1004 553 1110 637 possit
1132 551 1249 637 aliquis
1272 553 1359 638 quod

212 660 447 747 Bernhardyus
476 661 516 725 de
543 683 658 725 versus
687 671 877 746 argumento
906 660 1031 746 profert
1053 661 1280 747 comprobare,
1308 683 1357 725 re-

213 779 308 857 cepta
323 769 520 835 Lobeokii
536 773 709 858 scriptura.
736 771 769 835 Is
782 773 869 852 enim
886 773 1235 852 ποτιρρίκτασκεν
1250 793 1357 836 ernen-

212 880 359 944 dandum
388 881 515 944 censuit
542 880 769 966 intellexitque
797 902 926 944 versum
959 881 1025 962 „de
1052 881 1162 966 aquila
1188 880 1246 944 illa
1275 903 1359 968 quae

212 991 338 1054 lavanti
360 989 549 1076 Rhodopidi
571 990 714 1055 calceum
738 990 899 1076 subripuit
930 989 985 1054 καί
1009 990 1167 1074 ἐκόμισεν
1190 992 1237 1066 είς
1258 991 1359 1075 Μίμ-

213 1123 275 1182 φιν
298 1099 493 1178 δικάζοντος
521 1103 734 1184 Ψαμμιτίχον
763 1101 819 1164 καί
848 1102 894 1176 εἰς
921 1098 980 1163 τὸν
1009 1100 1137 1164 κόλπον
1161 1100 1299 1182 ἐνέβαλε
1320 1101 1358 1165 τὸ

213 1207 371 1294 ὑπόδημα
398 1209 527 1274 Aelian.
557 1233 589 1274 v.
612 1211 643 1274 h.
672 1210 761 1274 XIII
783 1212 839 1290 33,
869 1211 940 1273 sive
967 1219 1004 1274 ut
1032 1209 1150 1275 Strabo
1180 1212 1227 1274 ait
1256 1210 1358 1274 XVII

213 1344 245 1406 p.
269 1321 330 1385 808
354 1322 495 1404 ἔρριψείί
520 1320 777 1405 (Aglaophamus
806 1343 837 1405 p.
862 1321 948 1401 245).
992 1321 1039 1383 At
1066 1323 1099 1383 in
1125 1320 1371 1384 Eratosthenis

212 1430 409 1494 Mercurio
432 1429 633 1516 probabilius
657 1439 745 1494 certe
768 1432 808 1494 de
828 1430 989 1493 Mercurio
1013 1451 1110 1513 quarn
1134 1429 1174 1492 de
1197 1430 1356 1492 Psammi-

212 1541 300 1606 tioho
318 1561 499 1606 sermonem
522 1539 623 1604 fuisse
646 1542 844 1627 putabimus.
883 1541 999 1625 Itaque
1020 1541 1050 1603 si
1072 1520 1356 1623 τοτιρρίττασκεν

213 1649 247 1711 in
269 1671 333 1713 uno
357 1651 468 1715 codice
491 1653 649 1735 scriptum
673 1659 827 1732 exstaret,
852 1650 892 1714 de
911 1651 1038 1736 Hygini
1061 1650 1248 1714 narratione
1269 1634 1367 1718 haud

213 1759 324 1846 inepte
359 1745 498 1844 cogitari
532 1764 733 1848 verbumque
767 1761 853 1846 quod
889 1761 962 1824 dico
996 1761 1038 1824 ad
1073 1758 1216 1844 aquilam
1245 1760 1366 1822 referri·

213 1879 334 1955 posset.
386 1871 548 1951 Quoniam
577 1894 654 1936 vero
683 1870 763 1936 illud
791 1894 866 1934 non
894 1869 1051 1934 traditum
1077 1880 1127 1933 est
1153 1869 1358 1954 traditaeque

214 1977 364 2046 lectionis
381 1979 557 2067 explicatio
573 1983 678 2066 poluit
701 1981 852 2062 inveniri,
876 2003 941 2044 non
957 1981 1053 2043 video
1069 2002 1126 2042 eur
1141 1977 1182 2042 de
1198 1981 1358 2068 sententia

213 2111 287 2152 mea
309 2091 473 2154 desistam.
820 2085 826 2093 ¹

725 2277 769 2341 X.
793 2277 845 2340 XI

301 2395 391 2460 Stob.
416 2394 505 2460 Flor.
532 2396 627 2460 XCV
652 2399 700 2459 15.
735 2394 1012 2476 Πλουτάρχου
1041 2395 1083 2458 ἐκ
1113 2397 1184 2457 τοῦ
1209 2391 1269 2457 ὅτι
1292 2395 1358 2456 καί

214 2499 392 2584 γυναῖκα
415 2506 677 2576 παιδευτέον.
708 2503 866 2590 Ἀρχύτας
888 2502 1057 2586 ιίναγνοδς
1080 2501 1139 2567 τὸν
1160 2501 1358 2585 Ἐρατοσθέ*

214 2635 296 2687 νονς
314 2611 437 2697 Ἑρμῆν
460 2619 582 2679 τοῦτον
606 2615 769 2699 ἐπήνεγκε
791 2611 850 2678 τὸν
873 2618 987 2697 στίχον

299 2740 420 2822 χρειώ
437 2739 548 2804 πάντ’
566 2743 745 2818 ἐδίδαξε·
765 2740 847 2834 τίδ’
866 2739 910 2804 οὐ
926 2740 1042 2823 χρειοί
1058 2738 1356 2823 κενοίνεύροιῖ);

215 2867 393 2930 καὶτοῦτο
417 2867 550 2949 (noritur
574 2891 634 2932 em.
658 2869 858 2949 Meinekius)

300 2989 448 3084 ὀρθοδ
485 3005 550 3086 καί
574 3001 651 3084 γὰρ
674 3007 832 3085 μᾶλλον
862 3003 1119 3066 ἐτωδίνονσι
1147 3003 1356 3084 μέριμναι.

300 3135 408 3218 ὀρθοῦ
425 3140 481 3201 καί
496 3135 561 3220 γάρ
577 3138 647 3202 ΑΒ.
665 3137 774 3220 ὄρθου
789 3138 854 3221 γαρ
870 3140 925 3202 καί
943 3138 1039 3202 Vind.
1063 3135 1207 3220 ὀρθοῦσι
1222 3135 1286 3218 γὰρ
1303 3135 1358 3200 καί

210 3247 466 3336 Ι’1ἰ-ίαοιιοοίίίιιε,
489 3245 632 3329 dodorim
656 3241 712 3312 καί
735 3250 912 3314 Gesnerus.

301 3357 392 3421 Stob.
415 3357 589 3422 Flor.'LX
616 3359 664 3422 10.
690 3357 961 3440 Πλουτάρχου
985 3357 1027 3420 ἐκ
1050 3355 1121 3419 τοι]
1145 3359 1238 3437 περί
1261 3379 1357 3438 μον·

213 3469 342 3548 τικῆς,
393 3471 468 3530 Τῶν
490 3471 628 3549 τεχνῶν,
652 3463 698 3542 uic
713 3469 811 3549 ἔοικε,
835 3465 892 3542 τοὶς
914 3467 976 3550 μὲν
999 3464 1018 3551 ἡ
1043 3458 1136 3550 χρεία
1153 3467 1358 3549 συνέστησεν

215 3577 250 3651 ἐξ
274 3572 376 3659 ἀρχῆς
399 3577 454 3638 καί
476 3574 571 3660 μέχρι
593 3581 659 3640 νῦν
683 3577 927 3659 διαφυλάσσει·

300 3703 420 3786 χρειὼ
444 3701 558 3767 πάντ’
586 3705 763 3780 ἐδίδαξε
787 3701 871 3768 τίδ’
896 3688 1357 3785 οδχρειόίκενοίνετίροι

215 3832 284 3893 τῶν
306 3826 515 3910 decanatum
546 3827 736 3912 ὑφαντικὴν
763 3831 981 3914 οἰκοδομικὴν
1010 3825 1164 3913 ἰατρικὴν
1190 3831 1357 3910 γεωργίαν

215 3939 272 4002 καί
302 3937 379 4002 ίίσαι
408 3940 484 4019 περί
513 3942 680 4020 γεωργίαν
710 3938 993 4022 ἀναστρέφονται·
1027 3935 1083 4012 τὰς
1113 3935 1145 3999 δ’
1178 3933 1284 4019 ἡδονή
1301 3959 1359 4010 ,τις

285 4143 311 4209 1)
347 4143 428 4194 Addit
461 4147 711 4210 interpretationem
747 4146 904 4210 „crepidam
943 4144 1010 4194 levis
1043 4143 1185 4208 phaeoasii
1220 4142 1358 4191 advolavit

215 4211 364 4278 (aquila).“
438 4212 465 4276 ⁶2)
484 4218 604 4279 Apparet
621 4215 650 4264 in
668 4213 720 4263 hoc
737 4213 893 4263 hexametro
912 4211 1053 4262 artificium
1071 4210 1140 4261 illud
1158 4227 1174 4259 a
1192 4209 1357 4260 Callimacho

214 4283 245 4330 in
271 4281 396 4332 versibus
424 4281 614 4345 componendis
641 4281 795 4345 saepissime
822 4279 973 4329 adhibitum
999 4280 1031 4330 de
1064 4295 1116 4344 quo
1142 4278 1270 4327 disseruit
1296 4276 1357 4352 1³³¹:

214 4349 314 4412 theyns
332 4348 406 4397 anal.
424 4347 529 4402 Gallim.
548 4365 572 4413 p.
593 4352 632 4398 14.
669 4349 712 4398 Cf.
731 4348 762 4397 fr.
782 4347 845 4396 XIX
866 4363 891 4400 v,
912 4349 926 4397 t
951 4344 1022 4400 αἰεί
1047 4341 1216 4412 φρικαλὲαι,
1241 4338 1349 4395 αίείδ

212 4409 303 4469 ὕδατι
321 4413 484 4482 μογέονοαι.

1118 4485 1231 4548 ar·
