3324 5074
310 341 350 406 76
778 340 985 394 uuncvarvs

310 508 460 573 Alterum
475 506 556 573 haec
571 509 785 595 praecedunt:
809 509 868 573 eiii
891 512 994 573 ariera
1009 510 1103 572 etiarn
1118 509 1158 573 ab
1180 510 1230 573 bis
1245 510 1336 574 arbes
1359 530 1450 591 qaas·
1467 487 1470 494 ,

311 620 385 683 dora
400 619 555 701 appellari
577 620 733 701 dixerant,
757 622 785 684 et
801 616 919 707 Qieroorr
941 620 977 682 iri
991 616 1125 696 Aetolia,
1148 617 1280 683 Helicen
1298 623 1401 683 ochra
1416 621 1451 682 io

312 723 523 810 Peloponnesi
543 733 572 792 et
584 727 708 810 Aipora
728 729 764 793 iri
778 728 961 793 Hoereoaio
976 713 1016 792 ab
1032 729 1073 792 iis
1087 729 1266 794 aomiaori:
1288 730 1325 792 de
1340 729 1452 811 quibos

311 837 470 904 Homerus
491 838 527 903 ia
548 837 673 903 Iliados
693 837 825 902 sorceio
847 837 931 902 dieii.
955 875 994 886 —-

395 948 551 1013 Mercurii
569 946 808 1012 Eratosthenici
829 953 1021 1031 argumento
1045 945 1178 1011 simile
1201 946 1302 1011 fuisse
1322 948 1450 1014 institu-

311 1065 382 1122 tum
399 1057 598 1122 Varronis
613 1054 779 1120 Atacini
801 1057 834 1120 in
850 1055 1106 1141 Chorographia,
1129 1057 1293 1122 sententia
1307 1066 1356 1123 est
1370 1057 1450 1122 Mei-

311 1167 403 1234 nekii
440 1166 546 1250 (vind.
575 1165 682 1232 Strab.
710 1189 743 1252 p.
769 1166 833 1250 11).
888 1165 954 1230 Sed
986 1165 1022 1229 id
1058 1164 1283 1230 tantummodo
1317 1166 1451 1231 concedi

310 1283 432 1362 potest,
463 1274 618 1362 quasdam
641 1297 691 1339 res
712 1276 1005 1362 utriquepoemoti
1032 1274 1135 1338 fuisse
1157 1297 1361 1341 communes:
1390 1275 1451 1339 hae

310 1407 389 1450 vero
411 1386 492 1451 tales
516 1395 602 1468 sunt,
625 1394 662 1451 ut
684 1386 717 1450 in
740 1386 897 1452 sescentis
918 1383 991 1449 aliis
1012 1383 1142 1449 illorum
1157 1383 1360 1456 saeculorum
1382 1406 1449 1448 car-

311 1497 455 1562 minibus
478 1517 532 1560 eas
555 1517 723 1562 occurrere
738 1495 958 1561 necessarium
973 1495 1083 1576 fuerit,
1108 1495 1188 1560 etin
1204 1493 1254 1558 his
1278 1502 1450 1558 tractan-

311 1603 575 1670 dissimilitudo
603 1605 689 1670 inter
715 1578 964 1670 Eratosthenem
992 1614 1026 1668 et
1046 1599 1226 1668 Varronem
1254 1605 1323 1668 vix⁴
1340 1612 1451 1691 potest
1509 1611 1511 1614 ’

311 1713 521 1800 deprehendi.
569 1713 609 1778 Id
637 1722 673 1778 ut
700 1714 972 1796 demonstremus,
1000 1715 1064 1780 tria
1085 1712 1242 1778 Varronis
1265 1713 1451 1798 fragmenta

311 1845 393 1909 quae
414 1823 477 1889 huc
499 1832 648 1911 spectant
668 1823 917 1888 consideremus.

395 1935 477 2000 Mar.
500 1935 585 1999 Vict.
609 1956 642 2020 p.
665 1933 707 1998 60
728 1932 814 2000 Keil.

436 2080 516 2145 oidit
536 2083 565 2143 et
585 2080 720 2144 aetherio
742 2079 895 2143 mandore
917 2077 1089 2160 torquerier
1111 2097 1169 2142 eree

437 2193 597 2272 etseptero
619 2189 754 2272 oeternis
774 2189 911 2253 sortitore
933 2188 1010 2252 dore
1031 2187 1156 2252 ooeibas
1177 2187 1263 2251 orbes

317 2325 320 2332 ¹
352 2295 354 2298 ’
436 2301 566 2364 rriterites
587 2298 778 2376 climatiae,
803 2298 1048 2380 praeciosiora
1071 2294 1156 2361 dioie'

437 2409 558 2473 laetitio
579 2412 632 2472 esi.
677 2413 712 2472 at
733 2412 806 2472 ierac
828 2407 915 2488 torpe
934 2407 1119 2488 pretiesiroo
1142 2404 1261 2470 Phoebi

436 2519 562 2583 demae
583 2517 756 2582 consimiles
777 2517 946 2580 meditator
967 2515 1095 2580 reddere
1116 2535 1210 2580 voees.

394 2669 430 2734 si
456 2689 571 2732 verum
599 2676 649 2732 est
676 2665 762 2752 quod
792 2666 931 2731 coniecit
956 2666 1111 2752 Meyerus
1140 2666 1262 2747 (adnot.
1288 2664 1330 2729 ad
1359 2666 1449 2731 anth.

301 2779 383 2863 Lat.
406 2778 422 2841 I
449 2802 481 2864 p.
505 2777 560 2861 33)
593 2776 730 2842 verbum
752 2777 839 2840 cidit
867 2775 910 2839 ad
943 2775 1188 2842 Mercurium
1222 2784 1367 2861 spectare
1401 2775 1450 2858 (id

309 2889 396 2976 quod
419 2896 568 2953 certum
591 2908 663 2950 esse
685 2907 780 2952 nemo
802 2885 948 2971 profecto
964 2885 1117 2971 putabit),
1140 2885 1237 2950 finxit
1252 2907 1329 2950 sane
1344 2886 1450 2951 Varro

309 3001 394 3064 sicut
416 2996 662 3077 Eratosthenes,
685 2995 883 3058 Mercurium
906 2995 1089 3080 percepisse
1112 2994 1320 3081 sphaerarum
1343 3006 1450 3061 motus

309 3118 342 3174 ct
364 3107 609 3173 consonantias:
633 3113 740 3169 cetera
762 3125 839 3168 vero
855 3106 897 3169 ab
913 3104 1140 3168 Eratosthenis
1155 3106 1340 3170 narratione
1355 3105 1451 3190 longe

309 3219 442 3285 diversa
463 3225 550 3282 sunt.
591 3216 630 3279 In
652 3214 749 3279 huius
772 3216 857 3278 enim
880 3215 1023 3278 carmine
1045 3213 1185 3301 primum
1207 3235 1227 3276 a
1248 3214 1450 3279 Mercurio

308 3328 381 3416 lyra
401 3327 582 3392 invenitur:
605 3334 674 3391 tum
694 3325 833 3389 miratur
848 3323 1030 3389 Mercurius
1055 3322 1143 3409 quod
1165 3345 1239 3388 cum
1261 3322 1353 3410 lyrae
1375 3347 1450 3389 con·

309 3437 466 3502 sonantiis
488 3433 644 3499 caelestes
660 3434 891 3500 consonantiae
905 3436 1086 3517 congruant
1094 3433 1136 3516 1);
1159 3434 1247 3520 apud
1268 3433 1449 3497 Varronem

309 3546 351 3610 ad
379 3567 529 3608 sonorum
560 3543 749 3608 caelestium
777 3544 961 3629 exemplum
990 3542 1238 3608 conformantur
1259 3545 1300 3608 ab
1323 3543 1449 3629 Apol-

308 3633 390 3719 line
412 3651 632 3737 voceslyrae.
676 3653 850 3717 Praeterea
871 3653 1068 3733 Varronem,
1092 3673 1165 3716 cum
1188 3662 1339 3738 septem
1362 3653 1449 3717 orbi·

307 3765 369 3830 bus
404 3763 546 3828 sonitum
586 3762 671 3826 effici
707 3771 844 3844 statuat,
884 3759 1050 3825 stellarum
1087 3761 1300 3825 inerrantium
1335 3761 1448 3847 sphae-

307 3897 364 3939 rae
390 3895 503 3938 vocem
532 3894 597 3936 non
624 3872 780 3938 tribuisse
811 3872 929 3957 liquet;
963 3869 1059 3955 longe
1092 3871 1186 3936 aliter
1214 3871 1448 3936 Eratosthenes

309 3985 365 4070 qui
387 3983 481 4047 docet
504 3981 558 4067 (fr.
575 3981 707 4067 XVII):
733 3975 838 4046 darei
862 3978 902 4065 dr}
926 3979 1004 4045 τάδε
1027 3982 1136 4045 πάντα
1159 3981 1225 4045 ooo
1248 3977 1449 4066 ἁρμονίῃσιν

309 4090 438 4176 rotor·
1023 4109 1026 4116 ’
1377 4110 1378 4114 ‘

377 4364 402 4431 1)
423 4364 455 4416 rr.
476 4363 533 4418 xv.
551 4364 639 4416 xvu.
