3354 5076
696 349 909 404 Menevnrvs
1005 365 1006 368 ’
1335 349 1376 416 25

231 518 266 584 οἱ
288 515 326 608 <li
348 513 561 603 ω’ρόδισμον,
583 515 643 584 τὸν
666 520 704 586 ἐκ
727 525 786 604 τῆς
812 518 961 605 καλάμης
984 517 1216 606 στρεφόμενον
1238 521 1375 605 δεσμόν,

230 621 258 712 ᾧ
273 630 437 715 δεσμοῦσι
451 634 492 696 τοὶ
507 629 681 715 δράγματα
697 631 752 695 καὶ
767 627 829 716 τὴν
845 630 882 696 ἐκ
895 631 1025 696 τούτων
1037 631 1261 716 συγκειμένην
1273 627 1374 715 ἄμαλ-

231 743 306 804 λαν.
324 777 365 788 —-
381 741 432 804 Ea
445 752 553 809 autem
569 742 691 828 opinio,
712 743 803 806 euius
819 742 1000 829 posteriore
1015 742 1086 807 loco
1102 741 1218 806 Semus
1240 743 1375 807 mentio-

229 873 304 918 nem
327 852 423 932 lacit,
447 851 682 938 Tryphonis
704 852 783 934 fuit,
806 853 841 917 in
863 853 957 917 cuius
980 853 1163 937 fragmento
1186 853 1272 938 apud
1296 851 1375 917 Ath.

230 951 316 1027 XIV
330 986 364 1049 p.
379 962 441 1027 618
457 961 489 1026 Ι)
511 961 648 1047 legimus
664 958 684 1046 ἡ
702 962 738 1028 δὲ
754 965 1011 1044 ταλασιουργῶν
1033 958 1132 1048 (ᾠδὴ)
1149 964 1281 1038 ἴουλος.Ι
1311 963 1373 1026 Re-

231 1074 359 1158 putanti
381 1072 473 1157 mihi,
495 1095 592 1158 qnam
607 1073 735 1137 infirma
749 1095 788 1136 ae
802 1073 975 1137 temeraria
990 1074 1270 1158 argumentatione
1287 1082 1373 1138 vete·

231 1203 282 1246 res
303 1184 506 1266 grammatici
522 1205 752 1269 saepenumero
770 1183 819 1246 usi
834 1182 912 1264 sint,
928 1182 1015 1248 haud
1036 1207 1169 1271 prorsus
1184 1181 1373 1248 incredibile

231 1293 373 1376 videtur,
390 1294 474 1358 hanc
489 1293 739 1380 explicationem
756 1291 824 1358 solo
840 1293 1067 1359 Eratosthenis
1084 1293 1155 1359 loco
1170 1303 1274 1360 ortam
1291 1315 1372 1376 esse,

230 1403 289 1468 ubi
317 1404 431 1484 ἔριθος
457 1387 499 1468 ex
528 1405 761 1470 consuetudine
788 1401 932 1468 Homero
964 1405 1143 1471 recentiore
1172 1404 1258 1469 idem
1284 1406 1371 1492 quod

233 1512 410 1598 ε’ριονρνός
431 1514 616 1598 significare
631 1524 794 1600 putarent.
803 1514 826 1596 ¹)
862 1514 1066 1581 Adferebant
1087 1499 1199 1580 autem
1218 1517 1274 1601 qui
1297 1521 1373 1581 λου-

233 1627 290 1699 λος
311 1624 506 1689 voeabulnm
529 1626 576 1689 sie
597 1626 897 1710 interpretabantur
919 1625 961 1690 ad
981 1624 1257 1710 comprobandam
1280 1650 1372 1692 suam

232 1735 425 1800 seutentiam
448 1735 586 1800 fortasse
615 1744 782 1820 poetarum
806 1757 916 1814 usum,
945 1735 979 1798 in
1008 1758 1145 1822 quorum
1173 1737 1372 1804 carminibus

231 1834 335 1920 οὖλος
356 1843 523 1930 epitheton
538 1853 588 1910 est
609 1845 712 1930 ipsius
728 1843 821 1909 lanae
836 1856 893 1910 aut
911 1848 1179 1912 vestimentorum
1195 1845 1371 1914 laneorum.

230 1992 272 2002 -
293 1953 446 2041 Denique
467 1953 688 2019 adnotandum
709 1965 769 2037 est,
792 1956 894 2020 fuisse
917 1957 972 2042 qui
993 1956 1057 2020 Iuli
1078 1955 1191 2044 hymni
1213 1958 1371 2043 originem

230 2063 273 2129 ab
301 2064 432 2129 homine
459 2063 599 2151 quodam
627 2065 673 2128 ita
701 2074 815 2130 vocato
845 2064 1054 2132 deducerent.
1103 2065 1257 2150 Apollod.
1284 2069 1372 2154 apud

230 2174 330 2240 schol.
354 2175 492 2240 Theoer.
518 2175 567 2255 10,
589 2175 629 2238 41
658 2174 814 2258 καθάπερ
837 2173 875 2239 ἐν
897 2175 960 2260 μὲν
981 2175 1123 2260 θρήνοις
1142 2173 1303 2261 Ἰοέλεμυς,
1333 2177 1372 2242 ἐν

230 2284 267 2350 δὲ
298 2281 415 2370 ὕμνοις
430 2281 582 2366 Ἵουλος,
611 2280 672 2367 ἀφ’
701 2274 751 2348 ὦν
779 2283 834 2348 καὶ
862 2283 920 2362 τοὶς
948 2281 1035 2370 ᾠδὰς
1063 2283 1165 2363 αὐτὰς
1196 2289 1371 2371 καλοῦσιν,

229 2391 319 2460 οὕτω
342 2395 399 2459 καὶ
421 2398 489 2458 τῶν
510 2397 681 2477 θερισιῶν
703 2390 772 2480 ᾠδὴ
795 2395 991 2479 Λυιιέρσης.
1031 2397 1126 2462 Phot.
1150 2419 1182 2460 v.
1206 2401 1370 2482 tovl09²):'

230 2504 286 2570 nul
314 2499 403 2590 ᾠδῆς
434 2526 465 2568 ιι
492 2503 589 2587 γένος
617 2507 746 2587 ἴουλος,
780 2503 837 2569 καὶ
864 2502 883 2570 ὁ
912 2506 1101 2590 προσφιλὴς
1129 2512 1169 2592 τῇ
1197 2507 1368 2592 Ἀρτέμιδι.

228 2615 321 2682 Haec
348 2624 514 2702 postrema
540 2615 661 2681 frustra
687 2617 721 2679 in
744 2617 960 2701 suspicionem
984 2618 1116 2683 vocavit
1137 2617 1370 2705 Bernhardyus

228 2725 288 2792 tali
309 2747 389 2790 usus
411 2723 658 2792 ratiocinatione
690 2724 746 2809 (ad
770 2723 860 2790 Suid.
890 2747 923 2789 v.
953 2728 1091 2808 ἶουλος);
1120 2750 1246 2814 „neque
1275 2713 1370 2794 homo

228 2835 357 2900 Dianae
379 2856 475 2900 carus
498 2835 560 2899 isto
582 2835 711 2898 nomine
732 2847 880 2921 repertus
904 2845 964 2918 est,
988 2857 1093 2922 neque
1108 2835 1183 2902 licet
1203 2840 1265 2902 hoc
1279 2835 1370 2902 addi·
1442 2819 1444 2825 Ι

227 2954 408 3010 tamentum
435 2946 477 3010 ad
505 2944 589 3009 iulos
617 2943 812 3028 transferre,
846 2969 920 3010 eum
953 2946 1069 3034 upingi
1096 2947 1219 3011 fuerint
1241 2948 1370 3012 Dianae

228 3056 444 3120 consecrati.“
481 3053 627 3136 Quorum
649 3065 912 3138 argumentorum
934 3057 1042 3142 priore
1057 3056 1138 3121 nihil
1154 3057 1285 3122 omnino
1300 3058 1369 3123 effi·

228 3166 329 3230 citur:
353 3165 441 3251 quod
463 3186 541 3229 vero
556 3163 598 3228 ad
613 3163 750 3229 alterum
766 3166 895 3248 attinet,
919 3166 1041 3232 oblitus
1059 3175 1109 3230 est
1124 3166 1368 3252 Bernhardyus‚

228 3275 269 3340 de
291 3274 410 3340 Cerere
432 3273 507 3340 iulis
535 3273 698 3340 celebrata
720 3275 954 3361 posterioribus
983 3277 1190 3362 antiquitatis
1216 3277 1369 3364 tempori-

227 3384 290 3450 bus
311 3406 377 3448 non
399 3406 510 3448 omnes
527 3386 744 3449 consensisse.
789 3385 905 3451 Nonne
934 3385 1073 3472 scriptor
1101 3365 1161 3450 vel
1185 3396 1283 3470 poeta
1310 3385 1369 3452 ali-

228 3495 301 3581 quis
320 3492 420 3560 facile
442 3495 513 3560 sive
535 3493 657 3579 fingere
679 3495 751 3560 sive
779 3517 821 3559 ex
843 3495 963 3560 fabulis
992 3495 1188 3582 quibusdam
1216 3495 1369 3582 colligere

228 3604 337 3691 potuit
358 3603 459 3669 iulum
487 3604 684 3688 pertinuisse
711 3603 752 3669 ad
781 3603 944 3670 Dianam?
988 3605 1105 3671 Nonne
1132 3609 1243 3693 inepto
1271 3607 1368 3674 alicui

227 3715 350 3780 homini
377 3735 449 3778 cum
478 3713 519 3809 cle
547 3713 619 3779 Iulo
648 3715 827 3801 inquireret
854 3711 953 3779 οὐλία
980 3715 1108 3781 Dianae
1139 3715 1305 3803 epitheton
1333 3720 1367 3783 in

227 3834 368 3890 mentem
391 3824 503 3889 venire
524 3825 655 3910 potuit?

312 3933 404 3999 Haec
425 3935 523 4021 paulo
550 3935 653 3999 fusius
682 3934 874 4020 exponenda
901 3958 973 4000 esse
998 3937 1127 4021 putavi,
1154 3947 1192 4002 ut
1212 3949 1369 4024 appareat

226 4065 286 4108 nos
318 4045 476 4109 nescire
509 4045 587 4130 quid
616 4043 850 4110 Eratosthenes
884 4044 930 4120 de,
951 4047 1073 4133 hymno
1105 4044 1161 4111 illo
1195 4048 1366 4112 censuerit.

225 4153 312 4218 Nam
327 4176 435 4219 errore
449 4162 575 4235 tantum
591 4152 713 4220 factum
728 4177 800 4220 esse
815 4155 947 4220 videtur
962 4167 998 4222 ut
1013 4156 1212 4222 Ritsehelius
1235 4157 1367 4238 diceret,

294 4323 320 4388 1)
340 4325 469 4393 χερνῆτις
488 4309 576 4393 τῇπερ
595 4319 737 4396 ταλασήια
756 4322 824 4395 ἔργα
843 4321 970 4397 μέμηλεν
987 4329 1078 4398 Apoll.
1098 4329 1163 4394 Arg.
1182 4330 1222 4394 ῌΙ
1241 4333 1298 4382 292.

224 4393 252 4458 2)
272 4391 373 4446 Suidas
391 4410 416 4444 v·
436 4391 540 4458 lector.
