<?xml version="1.0" encoding="UTF-8"?>
<!DOCTYPE html PUBLIC "-//W3C//DTD XHTML 1.0 Transitional//EN"
    "http://www.w3.org/TR/xhtml1/DTD/xhtml1-transitional.dtd">
<html xmlns="http://www.w3.org/1999/xhtml" xml:lang="en" lang="en">
 <head>
  <title>
</title>
<meta http-equiv="Content-Type" content="text/html;charset=utf-8" />
  <meta name='ocr-system' content='tesseract 3.04.00' />
  <meta name='ocr-capabilities' content='ocr_page ocr_carea ocr_par ocr_line ocrx_word'/>
</head>
<body>
  <div class='ocr_page' id='page_1' title='image "./eratostheniscar00hillgoog/eratostheniscar00hillgoog_0020.png"; bbox 0 0 3354 5076; ppageno 0'>
   <div class='ocr_carea' id='block_1_1' title="bbox 715 358 1505 426">
    <p class='ocr_par' dir='ltr' id='par_1_1' title="bbox 715 358 1505 426">
     <span class='ocr_line' id='line_1_1' title="bbox 715 358 1505 426; baseline 0.001 -19"><span class='ocrx_word' id='word_1_1' title='bbox 715 358 926 410; x_wconf 83' lang='lat' dir='ltr'><strong>uuacvarvs</strong></span> <span class='ocrx_word' id='word_1_2' title='bbox 1373 363 1391 426; x_wconf 75' lang='grc' dir='ltr'><em>γ</em></span> <span class='ocrx_word' id='word_1_3' title='bbox 1502 403 1505 408; x_wconf 86' lang='grc'><em>.</em></span> 
     </span>
    </p>
   </div>
   <div class='ocr_carea' id='block_1_2' title="bbox 243 521 1391 1711">
    <p class='ocr_par' dir='ltr' id='par_1_2' title="bbox 246 521 1391 1377">
     <span class='ocr_line' id='line_1_2' title="bbox 334 521 1390 613; baseline 0.006 -26"><span class='ocrx_word' id='word_1_4' title='bbox 334 524 431 607; x_wconf 87' lang='lat' dir='ltr'><strong>[Ach.</strong></span> <span class='ocrx_word' id='word_1_5' title='bbox 454 523 544 606; x_wconf 84' lang='lat' dir='ltr'><strong>Tat]</strong></span> <span class='ocrx_word' id='word_1_6' title='bbox 567 525 601 588; x_wconf 90' lang='lat' dir='ltr'><strong>in</strong></span> <span class='ocrx_word' id='word_1_7' title='bbox 623 523 681 592; x_wconf 84' lang='lat' dir='ltr'><strong>Ar.</strong></span> <span class='ocrx_word' id='word_1_8' title='bbox 704 548 735 610; x_wconf 93' lang='lat' dir='ltr'><strong>p.</strong></span> <span class='ocrx_word' id='word_1_9' title='bbox 761 525 820 589; x_wconf 84' lang='grc'><strong>168</strong></span> <span class='ocrx_word' id='word_1_10' title='bbox 843 521 867 589; x_wconf 82' lang='grc' dir='ltr'><strong>’ὁ</strong></span> <span class='ocrx_word' id='word_1_11' title='bbox 895 525 932 589; x_wconf 78' lang='grc' dir='ltr'><strong>δὲ</strong></span> <span class='ocrx_word' id='word_1_12' title='bbox 957 527 1115 608; x_wconf 78' lang='grc' dir='ltr'><em>γαλαξίας</em></span> <span class='ocrx_word' id='word_1_13' title='bbox 1141 532 1291 594; x_wconf 77' lang='grc' dir='ltr'><em>καλεῖται</em></span> <span class='ocrx_word' id='word_1_14' title='bbox 1318 528 1390 613; x_wconf 83' lang='grc' dir='ltr'><em>μέν,</em></span> 
     </span>
     <span class='ocr_line' id='line_1_3' title="bbox 248 629 1391 721; baseline 0.007 -25"><span class='ocrx_word' id='word_1_15' title='bbox 248 630 293 708; x_wconf 73' lang='grc' dir='ltr'><strong>οἱς</strong></span> <span class='ocrx_word' id='word_1_16' title='bbox 308 633 343 697; x_wconf 82' lang='lat' dir='ltr'><strong>of</strong></span> <span class='ocrx_word' id='word_1_17' title='bbox 354 636 464 715; x_wconf 71' lang='grc' dir='ltr'><em>μῦθοί</em></span> <span class='ocrx_word' id='word_1_18' title='bbox 475 648 591 717; x_wconf 83' lang='grc' dir='ltr'><em>φασιν,</em></span> <span class='ocrx_word' id='word_1_19' title='bbox 607 632 643 696; x_wconf 80' lang='grc' dir='ltr'><strong>ολ</strong></span> <span class='ocrx_word' id='word_1_20' title='bbox 652 633 715 716; x_wconf 77' lang='grc' dir='ltr'><strong>μὲν</strong></span> <span class='ocrx_word' id='word_1_21' title='bbox 726 629 900 716; x_wconf 82' lang='grc' dir='ltr'><em>Ἡρακλέα,</em></span> <span class='ocrx_word' id='word_1_22' title='bbox 917 635 960 698; x_wconf 81' lang='lat' dir='ltr'><strong>of</strong></span> <span class='ocrx_word' id='word_1_23' title='bbox 978 635 1020 701; x_wconf 74' lang='grc' dir='ltr'><strong>δὲ</strong></span> <span class='ocrx_word' id='word_1_24' title='bbox 1033 633 1194 721; x_wconf 79' lang='grc' dir='ltr'><em>Ἑρμῆν,</em></span> <span class='ocrx_word' id='word_1_25' title='bbox 1211 635 1268 703; x_wconf 80' lang='grc' dir='ltr'><strong>ὅτε</strong></span> <span class='ocrx_word' id='word_1_26' title='bbox 1283 655 1391 721; x_wconf 84' lang='grc' dir='ltr'><em>κροσ-</em></span> 
     </span>
     <span class='ocr_line' id='line_1_4' title="bbox 249 739 1389 828; baseline 0.007 -22"><span class='ocrx_word' id='word_1_27' title='bbox 249 743 345 826; x_wconf 78' lang='grc' dir='ltr'><em>ετέθη</em></span> <span class='ocrx_word' id='word_1_28' title='bbox 376 745 420 828; x_wconf 77' lang='grc' dir='ltr'><strong>τῷ</strong></span> <span class='ocrx_word' id='word_1_29' title='bbox 445 747 535 828; x_wconf 73' lang='grc' dir='ltr'><strong>μαζῷ</strong></span> <span class='ocrx_word' id='word_1_30' title='bbox 566 742 624 826; x_wconf 82' lang='grc' dir='ltr'><strong>τῆς</strong></span> <span class='ocrx_word' id='word_1_31' title='bbox 645 741 751 826; x_wconf 85' lang='grc' dir='ltr'><em>Ἥρας</em></span> <span class='ocrx_word' id='word_1_32' title='bbox 779 739 845 808; x_wconf 78' lang='grc' dir='ltr'><strong>ὑπὸ</strong></span> <span class='ocrx_word' id='word_1_33' title='bbox 876 749 938 808; x_wconf 85' lang='grc' dir='ltr'><strong>τοῦ</strong></span> <span class='ocrx_word' id='word_1_34' title='bbox 966 743 1066 828; x_wconf 83' lang='grc' dir='ltr'><em>Διός,</em></span> <span class='ocrx_word' id='word_1_35' title='bbox 1096 747 1152 810; x_wconf 77' lang='grc' dir='ltr'><strong>ἵνα</strong></span> <span class='ocrx_word' id='word_1_36' title='bbox 1184 748 1340 825; x_wconf 81' lang='grc' dir='ltr'><strong><em>κλέψειεν</em></strong></span> <span class='ocrx_word' id='word_1_37' title='bbox 1372 747 1389 814; x_wconf 89' lang='grc' dir='ltr'>ὁ</span> 
     </span>
     <span class='ocr_line' id='line_1_5' title="bbox 246 850 1389 942; baseline 0.005 -24"><span class='ocrx_word' id='word_1_38' title='bbox 246 851 326 928; x_wconf 83' lang='grc' dir='ltr'><em>θεὸς</em></span> <span class='ocrx_word' id='word_1_39' title='bbox 353 863 422 930; x_wconf 78' lang='grc' dir='ltr'><em>τοῖς</em></span> <span class='ocrx_word' id='word_1_40' title='bbox 448 852 576 927; x_wconf 84' lang='grc' dir='ltr'><em>τέκνοις</em></span> <span class='ocrx_word' id='word_1_41' title='bbox 604 850 792 929; x_wconf 74' lang='grc' dir='ltr'><em>ἀθανασίας</em></span> <span class='ocrx_word' id='word_1_42' title='bbox 819 854 964 940; x_wconf 84' lang='grc' dir='ltr'><em>τροφήν,</em></span> <span class='ocrx_word' id='word_1_43' title='bbox 999 853 1020 940; x_wconf 79' lang='grc' dir='ltr'><em>ἡ</em></span> <span class='ocrx_word' id='word_1_44' title='bbox 1050 856 1087 922; x_wconf 74' lang='grc' dir='ltr'><strong>δέ</strong></span> <span class='ocrx_word' id='word_1_45' title='bbox 1119 856 1191 921; x_wconf 78' lang='grc' dir='ltr'><strong>ἐπεὶ</strong></span> <span class='ocrx_word' id='word_1_46' title='bbox 1219 855 1389 942; x_wconf 82' lang='grc' dir='ltr'><em>ἐξανέστη,</em></span> 
     </span>
     <span class='ocr_line' id='line_1_6' title="bbox 246 959 1390 1050; baseline 0.005 -24"><span class='ocrx_word' id='word_1_47' title='bbox 246 959 457 1047; x_wconf 75' lang='grc' dir='ltr'><em>ἠγανάκτησε</em></span> <span class='ocrx_word' id='word_1_48' title='bbox 479 959 562 1043; x_wconf 77' lang='grc' dir='ltr'><em>πρὸς</em></span> <span class='ocrx_word' id='word_1_49' title='bbox 583 959 646 1046; x_wconf 73' lang='grc' dir='ltr'><strong>κήν</strong></span> <span class='ocrx_word' id='word_1_50' title='bbox 675 961 805 1046; x_wconf 78' lang='grc' dir='ltr'><em>κλοπὴν</em></span> <span class='ocrx_word' id='word_1_51' title='bbox 827 962 883 1028; x_wconf 82' lang='grc' dir='ltr'><strong>καὶ</strong></span> <span class='ocrx_word' id='word_1_52' title='bbox 910 966 973 1049; x_wconf 83' lang='grc' dir='ltr'><strong>τὴν</strong></span> <span class='ocrx_word' id='word_1_53' title='bbox 994 966 1108 1050; x_wconf 75' lang='grc' dir='ltr'><em>θηλὴν</em></span> <span class='ocrx_word' id='word_1_54' title='bbox 1137 971 1200 1031; x_wconf 79' lang='grc' dir='ltr'><strong>τοῦ</strong></span> <span class='ocrx_word' id='word_1_55' title='bbox 1226 967 1390 1050; x_wconf 78' lang='grc' dir='ltr'><em>στόματος</em></span> 
     </span>
     <span class='ocr_line' id='line_1_7' title="bbox 247 1069 1388 1162; baseline 0.005 -27"><span class='ocrx_word' id='word_1_56' title='bbox 247 1069 418 1137; x_wconf 75' lang='grc' dir='ltr'><em>ἀπέσπασε</em></span> <span class='ocrx_word' id='word_1_57' title='bbox 432 1075 501 1156; x_wconf 80' lang='grc' dir='ltr'><em>βία,</em></span> <span class='ocrx_word' id='word_1_58' title='bbox 523 1069 730 1154; x_wconf 76' lang='grc' dir='ltr'><em>ἐκμνζῶντος</em></span> <span class='ocrx_word' id='word_1_59' title='bbox 752 1076 800 1138; x_wconf 80' lang='grc' dir='ltr'><strong>έτι</strong></span> <span class='ocrx_word' id='word_1_60' title='bbox 819 1077 880 1138; x_wconf 83' lang='grc' dir='ltr'><strong>τοῦ</strong></span> <span class='ocrx_word' id='word_1_61' title='bbox 902 1077 1055 1140; x_wconf 77' lang='grc' dir='ltr'><em>παιδίον·</em></span> <span class='ocrx_word' id='word_1_62' title='bbox 1079 1073 1220 1152; x_wconf 75' lang='grc' dir='ltr'><strong>ὦς’τότε</strong></span> <span class='ocrx_word' id='word_1_63' title='bbox 1237 1081 1284 1161; x_wconf 77' lang='grc' dir='ltr'><strong>νῇ</strong></span> <span class='ocrx_word' id='word_1_64' title='bbox 1297 1082 1388 1162; x_wconf 80' lang='grc' dir='ltr'><strong>θηλῇ</strong></span> 
     </span>
     <span class='ocr_line' id='line_1_8' title="bbox 248 1181 1389 1272; baseline 0.004 -25"><span class='ocrx_word' id='word_1_65' title='bbox 248 1181 298 1263; x_wconf 87' lang='grc' dir='ltr'><strong>(τό</strong></span> <span class='ocrx_word' id='word_1_66' title='bbox 319 1183 407 1266; x_wconf 76' lang='grc' dir='ltr'><em>γάλα</em></span> <span class='ocrx_word' id='word_1_67' title='bbox 431 1184 468 1247; x_wconf 86' lang='grc' dir='ltr'><strong>ἐκ</strong></span> <span class='ocrx_word' id='word_1_68' title='bbox 490 1186 548 1266; x_wconf 78' lang='grc' dir='ltr'><strong>τῆς</strong></span> <span class='ocrx_word' id='word_1_69' title='bbox 569 1182 713 1268; x_wconf 65' lang='grc' dir='ltr'><strong>θηλῆςῗ)</strong></span> <span class='ocrx_word' id='word_1_70' title='bbox 736 1182 814 1265; x_wconf 83' lang='grc' dir='ltr'><em>ῥέον</em></span> <span class='ocrx_word' id='word_1_71' title='bbox 836 1187 883 1269; x_wconf 74' lang='grc' dir='ltr'><strong>τῷ</strong></span> <span class='ocrx_word' id='word_1_72' title='bbox 906 1181 1042 1270; x_wconf 75' lang='grc' dir='ltr'><em>οὐρανῷ</em></span> <span class='ocrx_word' id='word_1_73' title='bbox 1065 1186 1180 1272; x_wconf 82' lang='grc' dir='ltr'><em>κύκλῳ</em></span> <span class='ocrx_word' id='word_1_74' title='bbox 1202 1188 1389 1271; x_wconf 75' lang='grc' dir='ltr'><em>περιχυθὲν</em></span> 
     </span>
     <span class='ocr_line' id='line_1_9' title="bbox 247 1279 930 1377; baseline 0.003 -21"><span class='ocrx_word' id='word_1_75' title='bbox 247 1293 439 1358; x_wconf 77' lang='grc' dir='ltr'><em>ἑκτνκῶσαι</em></span> <span class='ocrx_word' id='word_1_76' title='bbox 461 1291 499 1358; x_wconf 81' lang='grc' dir='ltr'>κὸ</span> <span class='ocrx_word' id='word_1_77' title='bbox 525 1296 715 1376; x_wconf 79' lang='grc' dir='ltr'><em>σχῆμα-τῆς</em></span> <span class='ocrx_word' id='word_1_78' title='bbox 737 1292 866 1377; x_wconf 77' lang='grc' dir='ltr'><em>ἐκροῆς.</em></span> <span class='ocrx_word' id='word_1_79' title='bbox 928 1279 930 1282; x_wconf 33' lang='grc'><strong>’</strong></span> 
     </span>
    </p>

    <p class='ocr_par' dir='ltr' id='par_1_3' title="bbox 243 1403 1389 1711">
     <span class='ocr_line' id='line_1_10' title="bbox 330 1403 1389 1493; baseline 0.004 -25"><span class='ocrx_word' id='word_1_80' title='bbox 330 1403 582 1469; x_wconf 84' lang='lat' dir='ltr'>Eratosthenem</span> <span class='ocrx_word' id='word_1_81' title='bbox 604 1404 637 1466; x_wconf 92' lang='lat' dir='ltr'><strong>in</strong></span> <span class='ocrx_word' id='word_1_82' title='bbox 660 1405 835 1467; x_wconf 78' lang='lat' dir='ltr'><strong>carmine</strong></span> <span class='ocrx_word' id='word_1_83' title='bbox 857 1404 998 1490; x_wconf 86' lang='lat' dir='ltr'><strong>quodam</strong></span> <span class='ocrx_word' id='word_1_84' title='bbox 1021 1405 1062 1470; x_wconf 98' lang='grc'><strong>(16</strong></span> <span class='ocrx_word' id='word_1_85' title='bbox 1088 1406 1241 1490; x_wconf 83' lang='lat' dir='ltr'><strong>galaxiae</strong></span> <span class='ocrx_word' id='word_1_86' title='bbox 1263 1409 1389 1493; x_wconf 84' lang='lat' dir='ltr'>origine</span> 
     </span>
     <span class='ocr_line' id='line_1_11' title="bbox 243 1512 1389 1599; baseline 0.003 -21"><span class='ocrx_word' id='word_1_87' title='bbox 243 1513 346 1579; x_wconf 86' lang='lat' dir='ltr'><strong>verba</strong></span> <span class='ocrx_word' id='word_1_88' title='bbox 379 1513 496 1578; x_wconf 89' lang='lat' dir='ltr'><strong>fecisse</strong></span> <span class='ocrx_word' id='word_1_89' title='bbox 531 1512 732 1577; x_wconf 86' lang='lat' dir='ltr'><strong>demonstrat</strong></span> <span class='ocrx_word' id='word_1_90' title='bbox 764 1514 983 1599; x_wconf 81' lang='lat' dir='ltr'><strong>fragmentum</strong></span> <span class='ocrx_word' id='word_1_91' title='bbox 1014 1515 1110 1580; x_wconf 88' lang='lat' dir='ltr'>XVI.</span> <span class='ocrx_word' id='word_1_92' title='bbox 1156 1515 1267 1596; x_wconf 82' lang='lat' dir='ltr'>Quare</span> <span class='ocrx_word' id='word_1_93' title='bbox 1300 1517 1389 1584; x_wconf 93' lang='lat' dir='ltr'><strong>haud</strong></span> 
     </span>
     <span class='ocr_line' id='line_1_12' title="bbox 244 1621 1387 1711; baseline 0.003 -24"><span class='ocrx_word' id='word_1_94' title='bbox 244 1623 353 1707; x_wconf 88' lang='lat' dir='ltr'><strong>dubie,</strong></span> <span class='ocrx_word' id='word_1_95' title='bbox 378 1646 451 1688; x_wconf 91' lang='lat' dir='ltr'><strong>cum</strong></span> <span class='ocrx_word' id='word_1_96' title='bbox 467 1644 509 1686; x_wconf 81' lang='lat' dir='ltr'><strong>ex</strong></span> <span class='ocrx_word' id='word_1_97' title='bbox 524 1621 640 1706; x_wconf 83' lang='lat' dir='ltr'><strong>fragm.</strong></span> <span class='ocrx_word' id='word_1_98' title='bbox 663 1623 729 1687; x_wconf 92' lang='lat' dir='ltr'><strong>let</strong></span> <span class='ocrx_word' id='word_1_99' title='bbox 744 1624 809 1688; x_wconf 88' lang='lat' dir='ltr'><strong>XV</strong></span> <span class='ocrx_word' id='word_1_100' title='bbox 831 1635 1031 1711; x_wconf 90' lang='lat' dir='ltr'><strong>compertum</strong></span> <span class='ocrx_word' id='word_1_101' title='bbox 1047 1626 1225 1691; x_wconf 87' lang='lat' dir='ltr'><strong>habeamus</strong></span> <span class='ocrx_word' id='word_1_102' title='bbox 1248 1627 1281 1692; x_wconf 93' lang='lat' dir='ltr'><strong>in</strong></span> <span class='ocrx_word' id='word_1_103' title='bbox 1302 1627 1387 1692; x_wconf 90' lang='lat' dir='ltr'><strong>Mer-</strong></span> 
     </span>
    </p>
   </div>
   <div class='ocr_carea' id='block_1_3' title="bbox 243 1733 1510 1824">
    <p class='ocr_par' dir='ltr' id='par_1_4' title="bbox 243 1733 1510 1824">
     <span class='ocr_line' id='line_1_13' title="bbox 243 1733 1510 1824; baseline 0.002 -24"><span class='ocrx_word' id='word_1_104' title='bbox 243 1735 333 1800; x_wconf 80' lang='lat' dir='ltr'><strong>curio</strong></span> <span class='ocrx_word' id='word_1_105' title='bbox 356 1733 529 1798; x_wconf 86' lang='lat' dir='ltr'><strong>infantiam</strong></span> <span class='ocrx_word' id='word_1_106' title='bbox 544 1733 597 1797; x_wconf 91' lang='lat' dir='ltr'><strong>dei</strong></span> <span class='ocrx_word' id='word_1_107' title='bbox 614 1744 795 1799; x_wconf 86' lang='lat' dir='ltr'><strong>enarratam</strong></span> <span class='ocrx_word' id='word_1_108' title='bbox 818 1733 930 1818; x_wconf 86' lang='lat' dir='ltr'><strong>fuisse,</strong></span> <span class='ocrx_word' id='word_1_109' title='bbox 953 1735 1097 1821; x_wconf 88' lang='lat' dir='ltr'><strong>Bergkio</strong></span> <span class='ocrx_word' id='word_1_110' title='bbox 1119 1737 1387 1824; x_wconf 89' lang='lat' dir='ltr'><strong>adstipulandum</strong></span> <span class='ocrx_word' id='word_1_111' title='bbox 1508 1743 1510 1748; x_wconf 78' lang='grc'>’</span> 
     </span>
    </p>
   </div>
   <div class='ocr_carea' id='block_1_4' title="bbox 143 1843 1460 4028">
    <p class='ocr_par' dir='ltr' id='par_1_5' title="bbox 235 1843 1460 3584">
     <span class='ocr_line' id='line_1_14' title="bbox 243 1843 1387 1938; baseline 0.003 -29"><span class='ocrx_word' id='word_1_112' title='bbox 243 1853 301 1926; x_wconf 89' lang='lat' dir='ltr'><strong>est,</strong></span> <span class='ocrx_word' id='word_1_113' title='bbox 324 1845 380 1930; x_wconf 90' lang='lat' dir='ltr'><strong>qui</strong></span> <span class='ocrx_word' id='word_1_114' title='bbox 395 1845 522 1930; x_wconf 79' lang='lat' dir='ltr'><strong>Hygini</strong></span> <span class='ocrx_word' id='word_1_115' title='bbox 543 1845 763 1909; x_wconf 79' lang='lat' dir='ltr'><strong>narrationem</strong></span> <span class='ocrx_word' id='word_1_116' title='bbox 786 1846 840 1927; x_wconf 85' lang='lat' dir='ltr'><strong>(ab</strong></span> <span class='ocrx_word' id='word_1_117' title='bbox 855 1843 981 1911; x_wconf 80' lang='lat' dir='ltr'><strong>Achille</strong></span> <span class='ocrx_word' id='word_1_118' title='bbox 1004 1849 1146 1938; x_wconf 81' lang='lat' dir='ltr'><strong>secundo</strong></span> <span class='ocrx_word' id='word_1_119' title='bbox 1163 1848 1233 1912; x_wconf 88' lang='lat' dir='ltr'><strong>loco</strong></span> <span class='ocrx_word' id='word_1_120' title='bbox 1250 1871 1387 1914; x_wconf 92' lang='lat' dir='ltr'><strong>comme-</strong></span> 
     </span>
     <span class='ocr_line' id='line_1_15' title="bbox 241 1953 1385 2044; baseline 0.002 -24"><span class='ocrx_word' id='word_1_121' title='bbox 241 1955 414 2038; x_wconf 86' lang='lat' dir='ltr'><strong>moratam)</strong></span> <span class='ocrx_word' id='word_1_122' title='bbox 431 1953 473 2017; x_wconf 89' lang='lat' dir='ltr'><strong>ad</strong></span> <span class='ocrx_word' id='word_1_123' title='bbox 489 1955 549 2018; x_wconf 95' lang='lat' dir='ltr'><strong>hoc</strong></span> <span class='ocrx_word' id='word_1_124' title='bbox 564 1975 680 2039; x_wconf 89' lang='lat' dir='ltr'><strong>poema</strong></span> <span class='ocrx_word' id='word_1_125' title='bbox 694 1955 795 2018; x_wconf 88' lang='lat' dir='ltr'><strong>refert</strong></span> <span class='ocrx_word' id='word_1_126' title='bbox 811 1953 954 2039; x_wconf 82' lang='lat' dir='ltr'><strong>(Ztsohr.</strong></span> <span class='ocrx_word' id='word_1_127' title='bbox 970 1957 993 2020; x_wconf 91' lang='lat' dir='ltr'><strong>f.</strong></span> <span class='ocrx_word' id='word_1_128' title='bbox 1007 1956 1037 2020; x_wconf 92' lang='grc'><strong>(1.</strong></span> <span class='ocrx_word' id='word_1_129' title='bbox 1051 1957 1138 2022; x_wconf 90' lang='lat' dir='ltr'><strong>AW.</strong></span> <span class='ocrx_word' id='word_1_130' title='bbox 1153 1958 1236 2024; x_wconf 79' lang='lat'>1850</span> <span class='ocrx_word' id='word_1_131' title='bbox 1250 1982 1282 2044; x_wconf 88' lang='lat' dir='ltr'><strong>p.</strong></span> <span class='ocrx_word' id='word_1_132' title='bbox 1301 1961 1385 2042; x_wconf 78' lang='lat'><strong>177).</strong></span> 
     </span>
     <span class='ocr_line' id='line_1_16' title="bbox 241 2064 1385 2152; baseline 0.003 -24"><span class='ocrx_word' id='word_1_133' title='bbox 241 2066 350 2130; x_wconf 84' lang='lat' dir='ltr'><strong>Antea</strong></span> <span class='ocrx_word' id='word_1_134' title='bbox 361 2064 594 2152; x_wconf 86' lang='lat' dir='ltr'><strong>Bernhardyus</strong></span> <span class='ocrx_word' id='word_1_135' title='bbox 611 2064 774 2128; x_wconf 85' lang='lat' dir='ltr'><strong>diversam</strong></span> <span class='ocrx_word' id='word_1_136' title='bbox 791 2064 830 2130; x_wconf 89' lang='lat' dir='ltr'><strong>de</strong></span> <span class='ocrx_word' id='word_1_137' title='bbox 845 2065 906 2129; x_wconf 88' lang='lat' dir='ltr'><strong>hac</strong></span> <span class='ocrx_word' id='word_1_138' title='bbox 917 2087 953 2130; x_wconf 90' lang='lat' dir='ltr'><strong>re</strong></span> <span class='ocrx_word' id='word_1_139' title='bbox 966 2070 1158 2131; x_wconf 75' lang='lat' dir='ltr'><strong>sententiam</strong></span> <span class='ocrx_word' id='word_1_140' title='bbox 1174 2067 1264 2132; x_wconf 91' lang='lat' dir='ltr'><strong>hisce</strong></span> <span class='ocrx_word' id='word_1_141' title='bbox 1275 2069 1385 2133; x_wconf 87' lang='lat' dir='ltr'><strong>verbis</strong></span> 
     </span>
     <span class='ocr_line' id='line_1_17' title="bbox 242 2174 1385 2263; baseline 0.001 -22"><span class='ocrx_word' id='word_1_142' title='bbox 242 2184 454 2263; x_wconf 80' lang='lat' dir='ltr'><strong>proposuerat</strong></span> <span class='ocrx_word' id='word_1_143' title='bbox 476 2174 658 2258; x_wconf 88' lang='lat' dir='ltr'><strong>(Eratosth.</strong></span> <span class='ocrx_word' id='word_1_144' title='bbox 675 2199 705 2261; x_wconf 92' lang='lat' dir='ltr'><strong>p.</strong></span> <span class='ocrx_word' id='word_1_145' title='bbox 725 2175 816 2260; x_wconf 85' lang='lat'>136):</span> <span class='ocrx_word' id='word_1_146' title='bbox 839 2175 1034 2258; x_wconf 79' lang='lat' dir='ltr'><strong>„Sententia</strong></span> <span class='ocrx_word' id='word_1_147' title='bbox 1056 2176 1195 2241; x_wconf 90' lang='lat' dir='ltr'><strong>Achillis</strong></span> <span class='ocrx_word' id='word_1_148' title='bbox 1219 2179 1289 2242; x_wconf 90' lang='lat' dir='ltr'><strong>sine</strong></span> <span class='ocrx_word' id='word_1_149' title='bbox 1311 2200 1385 2242; x_wconf 91' lang='lat' dir='ltr'><strong>con·</strong></span> 
     </span>
     <span class='ocr_line' id='line_1_18' title="bbox 241 2272 1383 2371; baseline -0.002 -18"><span class='ocrx_word' id='word_1_150' title='bbox 241 2288 402 2353; x_wconf 77' lang='lat' dir='ltr'><strong>troversia</strong></span> <span class='ocrx_word' id='word_1_151' title='bbox 423 2272 487 2349; x_wconf 89' lang='lat' dir='ltr'><strong>non</strong></span> <span class='ocrx_word' id='word_1_152' title='bbox 510 2286 591 2350; x_wconf 88' lang='lat' dir='ltr'><strong>haec</strong></span> <span class='ocrx_word' id='word_1_153' title='bbox 613 2293 673 2368; x_wconf 88' lang='lat' dir='ltr'><strong>est,</strong></span> <span class='ocrx_word' id='word_1_154' title='bbox 696 2284 816 2349; x_wconf 90' lang='lat' dir='ltr'><strong>Iunoni</strong></span> <span class='ocrx_word' id='word_1_155' title='bbox 838 2285 957 2371; x_wconf 91' lang='lat' dir='ltr'><strong>raptim</strong></span> <span class='ocrx_word' id='word_1_156' title='bbox 972 2285 1170 2351; x_wconf 87' lang='lat' dir='ltr'><strong>Mercurium</strong></span> <span class='ocrx_word' id='word_1_157' title='bbox 1194 2310 1263 2351; x_wconf 90' lang='lat' dir='ltr'><strong>ase</strong></span> <span class='ocrx_word' id='word_1_158' title='bbox 1279 2311 1383 2355; x_wconf 93' lang='lat' dir='ltr'><strong>remo-</strong></span> 
     </span>
     <span class='ocr_line' id='line_1_19' title="bbox 239 2394 1460 2484; baseline 0 -21"><span class='ocrx_word' id='word_1_159' title='bbox 239 2396 331 2463; x_wconf 88' lang='lat' dir='ltr'><strong>venti</strong></span> <span class='ocrx_word' id='word_1_160' title='bbox 345 2396 485 2461; x_wconf 90' lang='lat' dir='ltr'><strong>lacteum</strong></span> <span class='ocrx_word' id='word_1_161' title='bbox 507 2395 664 2460; x_wconf 87' lang='lat' dir='ltr'><strong>circulum</strong></span> <span class='ocrx_word' id='word_1_162' title='bbox 688 2404 855 2481; x_wconf 86' lang='lat' dir='ltr'><strong>acceptam</strong></span> <span class='ocrx_word' id='word_1_163' title='bbox 877 2394 991 2460; x_wconf 91' lang='lat' dir='ltr'><strong>tulisse</strong></span> <span class='ocrx_word' id='word_1_164' title='bbox 1014 2396 1175 2480; x_wconf 84' lang='lat' dir='ltr'><strong>originem</strong></span> <span class='ocrx_word' id='word_1_165' title='bbox 1197 2399 1253 2462; x_wconf 87' lang='lat' dir='ltr'><strong>sed</strong></span> <span class='ocrx_word' id='word_1_166' title='bbox 1276 2400 1384 2484; x_wconf 89' lang='lat' dir='ltr'><strong>potius</strong></span> <span class='ocrx_word' id='word_1_167' title='bbox 1457 2403 1460 2410; x_wconf 86' lang='lat'>&#39;</span> 
     </span>
     <span class='ocr_line' id='line_1_20' title="bbox 241 2504 1384 2592; baseline 0 -22"><span class='ocrx_word' id='word_1_168' title='bbox 241 2507 338 2570; x_wconf 89' lang='lat' dir='ltr'><strong>deum</strong></span> <span class='ocrx_word' id='word_1_169' title='bbox 366 2507 495 2570; x_wconf 51' lang='lat' dir='ltr'><strong>eodem*</strong></span> <span class='ocrx_word' id='word_1_170' title='bbox 511 2528 574 2592; x_wconf 92' lang='lat' dir='ltr'><strong>quo</strong></span> <span class='ocrx_word' id='word_1_171' title='bbox 604 2504 763 2569; x_wconf 89' lang='lat' dir='ltr'><strong>Hercules</strong></span> <span class='ocrx_word' id='word_1_172' title='bbox 791 2505 888 2569; x_wconf 91' lang='lat' dir='ltr'><strong>modo</strong></span> <span class='ocrx_word' id='word_1_173' title='bbox 915 2505 1071 2571; x_wconf 84' lang='lat' dir='ltr'><strong>uberibus</strong></span> <span class='ocrx_word' id='word_1_174' title='bbox 1105 2507 1184 2571; x_wconf 87' lang='lat' dir='ltr'><strong>deae</strong></span> <span class='ocrx_word' id='word_1_175' title='bbox 1217 2507 1384 2572; x_wconf 89' lang='lat' dir='ltr'><strong>admotum</strong></span> 
     </span>
     <span class='ocr_line' id='line_1_21' title="bbox 240 2615 1383 2704; baseline -0.002 -22"><span class='ocrx_word' id='word_1_176' title='bbox 240 2618 387 2702; x_wconf 87' lang='lat' dir='ltr'><strong>fuisse.¹)</strong></span> <span class='ocrx_word' id='word_1_177' title='bbox 425 2617 537 2682; x_wconf 88' lang='lat' dir='ltr'><strong>Unde</strong></span> <span class='ocrx_word' id='word_1_178' title='bbox 565 2616 753 2702; x_wconf 88' lang='lat' dir='ltr'><strong>Hyginus</strong></span> <span class='ocrx_word' id='word_1_179' title='bbox 789 2615 938 2679; x_wconf 89' lang='lat' dir='ltr'><strong>erroris</strong></span> <span class='ocrx_word' id='word_1_180' title='bbox 966 2616 1244 2700; x_wconf 81' lang='lat' dir='ltr'><strong>redarguitur3</strong></span> <span class='ocrx_word' id='word_1_181' title='bbox 1278 2640 1383 2704; x_wconf 92' lang='lat' dir='ltr'><strong>neque</strong></span> 
     </span>
     <span class='ocr_line' id='line_1_22' title="bbox 240 2725 1382 2811; baseline -0.002 -19"><span class='ocrx_word' id='word_1_182' title='bbox 240 2729 325 2792; x_wconf 93' lang='lat' dir='ltr'><strong>enim</strong></span> <span class='ocrx_word' id='word_1_183' title='bbox 348 2749 480 2792; x_wconf 90' lang='lat' dir='ltr'><strong>eausam</strong></span> <span class='ocrx_word' id='word_1_184' title='bbox 503 2725 591 2791; x_wconf 90' lang='lat' dir='ltr'><strong>orbis</strong></span> <span class='ocrx_word' id='word_1_185' title='bbox 614 2725 709 2789; x_wconf 90' lang='lat' dir='ltr'><strong>lactei</strong></span> <span class='ocrx_word' id='word_1_186' title='bbox 731 2725 876 2811; x_wconf 84' lang='lat' dir='ltr'><strong>utrique,</strong></span> <span class='ocrx_word' id='word_1_187' title='bbox 890 2727 974 2790; x_wconf 85' lang='lat' dir='ltr'><strong>&#39;sive</strong></span> <span class='ocrx_word' id='word_1_188' title='bbox 1002 2727 1114 2790; x_wconf 90' lang='lat' dir='ltr'><strong>eodem</strong></span> <span class='ocrx_word' id='word_1_189' title='bbox 1143 2728 1214 2790; x_wconf 89' lang='lat' dir='ltr'><strong>sive</strong></span> <span class='ocrx_word' id='word_1_190' title='bbox 1243 2726 1382 2792; x_wconf 87' lang='lat' dir='ltr'><strong>diversis</strong></span> 
     </span>
     <span class='ocr_line' id='line_1_23' title="bbox 239 2834 1381 2922; baseline 0.001 -22"><span class='ocrx_word' id='word_1_191' title='bbox 239 2837 328 2919; x_wconf 85' lang='lat' dir='ltr'><strong>locis,</strong></span> <span class='ocrx_word' id='word_1_192' title='bbox 344 2836 470 2902; x_wconf 91' lang='lat' dir='ltr'><strong>auctori</strong></span> <span class='ocrx_word' id='word_1_193' title='bbox 486 2834 664 2901; x_wconf 88' lang='lat' dir='ltr'><strong>attribuere</strong></span> <span class='ocrx_word' id='word_1_194' title='bbox 679 2835 820 2922; x_wconf 64' lang='lat' dir='ltr'><strong>potuit‘j</strong></span> <span class='ocrx_word' id='word_1_195' title='bbox 847 2835 1005 2900; x_wconf 87' lang='lat' dir='ltr'><strong>Nituntur</strong></span> <span class='ocrx_word' id='word_1_196' title='bbox 1018 2835 1099 2900; x_wconf 88' lang='lat' dir='ltr'><strong>haec</strong></span> <span class='ocrx_word' id='word_1_197' title='bbox 1115 2858 1164 2918; x_wconf 88' lang='lat' dir='ltr'><strong>eo,</strong></span> <span class='ocrx_word' id='word_1_198' title='bbox 1180 2837 1267 2922; x_wconf 91' lang='lat' dir='ltr'><strong>quod</strong></span> <span class='ocrx_word' id='word_1_199' title='bbox 1280 2836 1381 2902; x_wconf 91' lang='lat' dir='ltr'><strong>Bern-</strong></span> 
     </span>
     <span class='ocr_line' id='line_1_24' title="bbox 238 2946 1389 3034; baseline 0 -22"><span class='ocrx_word' id='word_1_200' title='bbox 238 2948 384 3034; x_wconf 86' lang='lat' dir='ltr'><strong>hardyus</strong></span> <span class='ocrx_word' id='word_1_201' title='bbox 412 2946 613 3024; x_wconf 85' lang='lat' dir='ltr'><strong>Mercurium</strong></span> <span class='ocrx_word' id='word_1_202' title='bbox 648 2947 747 3010; x_wconf 87' lang='lat' dir='ltr'><strong>etiam</strong></span> <span class='ocrx_word' id='word_1_203' title='bbox 781 2949 1030 3030; x_wconf 83' lang='grc' dir='ltr'><em>καταμερισμοῦ</em></span> <span class='ocrx_word' id='word_1_204' title='bbox 1064 2947 1160 3012; x_wconf 91' lang='lat' dir='ltr'><strong>titulo</strong></span> <span class='ocrx_word' id='word_1_205' title='bbox 1189 2947 1389 3032; x_wconf 90' lang='lat' dir='ltr'><strong>insignitum</strong></span> 
     </span>
     <span class='ocr_line' id='line_1_25' title="bbox 237 3034 1379 3144; baseline -0.002 -22"><span class='ocrx_word' id='word_1_206' title='bbox 237 3034 339 3124; x_wconf 87' lang='lat' dir='ltr'><strong>fuisse</strong></span> <span class='ocrx_word' id='word_1_207' title='bbox 362 3057 544 3124; x_wconf 88' lang='lat' dir='ltr'><strong>existimat:</strong></span> <span class='ocrx_word' id='word_1_208' title='bbox 580 3037 642 3121; x_wconf 27' lang='lat' dir='ltr'><strong>sed*</strong></span> <span class='ocrx_word' id='word_1_209' title='bbox 660 3056 695 3120; x_wconf 90' lang='lat' dir='ltr'><strong>id</strong></span> <span class='ocrx_word' id='word_1_210' title='bbox 717 3057 824 3142; x_wconf 90' lang='lat' dir='ltr'><strong>ipsum</strong></span> <span class='ocrx_word' id='word_1_211' title='bbox 846 3078 910 3120; x_wconf 93' lang='lat' dir='ltr'><strong>non</strong></span> <span class='ocrx_word' id='word_1_212' title='bbox 938 3067 1026 3122; x_wconf 88' lang='lat' dir='ltr'><strong>recte</strong></span> <span class='ocrx_word' id='word_1_213' title='bbox 1049 3058 1163 3121; x_wconf 88' lang='lat' dir='ltr'><strong>statuit</strong></span> <span class='ocrx_word' id='word_1_214' title='bbox 1191 3058 1237 3141; x_wconf 91' lang='lat' dir='ltr'><strong>(v.</strong></span> <span class='ocrx_word' id='word_1_215' title='bbox 1261 3081 1292 3143; x_wconf 95' lang='lat' dir='ltr'><strong>p.</strong></span> <span class='ocrx_word' id='word_1_216' title='bbox 1313 3059 1379 3144; x_wconf 79' lang='lat'><strong>67).</strong></span> 
     </span>
     <span class='ocr_line' id='line_1_26' title="bbox 238 3165 1380 3253; baseline -0.003 -20"><span class='ocrx_word' id='word_1_217' title='bbox 238 3169 277 3233; x_wconf 95' lang='lat' dir='ltr'><strong>In</strong></span> <span class='ocrx_word' id='word_1_218' title='bbox 310 3167 491 3235; x_wconf 85' lang='lat' dir='ltr'><strong>diversis</strong></span> <span class='ocrx_word' id='word_1_219' title='bbox 525 3177 632 3232; x_wconf 88' lang='lat' dir='ltr'><strong>autem</strong></span> <span class='ocrx_word' id='word_1_220' title='bbox 664 3165 855 3253; x_wconf 88' lang='lat' dir='ltr'><strong>operibus</strong></span> <span class='ocrx_word' id='word_1_221' title='bbox 883 3167 1133 3232; x_wconf 82' lang='lat' dir='ltr'><strong>Eratosthenem</strong></span> <span class='ocrx_word' id='word_1_222' title='bbox 1161 3166 1202 3230; x_wconf 92' lang='lat' dir='ltr'><strong>de</strong></span> <span class='ocrx_word' id='word_1_223' title='bbox 1229 3168 1380 3250; x_wconf 85' lang='lat' dir='ltr'><strong>galaxiae</strong></span> 
     </span>
     <span class='ocr_line' id='line_1_27' title="bbox 237 3276 1377 3370; baseline -0.001 -27"><span class='ocrx_word' id='word_1_224' title='bbox 237 3280 363 3364; x_wconf 89' lang='lat' dir='ltr'><strong>origine</strong></span> <span class='ocrx_word' id='word_1_225' title='bbox 386 3279 524 3342; x_wconf 89' lang='lat' dir='ltr'><strong>diversis</strong></span> <span class='ocrx_word' id='word_1_226' title='bbox 547 3277 651 3342; x_wconf 92' lang='lat' dir='ltr'><strong>modis</strong></span> <span class='ocrx_word' id='word_1_227' title='bbox 667 3276 859 3370; x_wconf 91' lang='lat' dir='ltr'><strong>fabulatum</strong></span> <span class='ocrx_word' id='word_1_228' title='bbox 874 3298 945 3341; x_wconf 86' lang='lat' dir='ltr'><strong>esse</strong></span> <span class='ocrx_word' id='word_1_229' title='bbox 967 3299 1032 3341; x_wconf 94' lang='lat' dir='ltr'><strong>non</strong></span> <span class='ocrx_word' id='word_1_230' title='bbox 1047 3285 1096 3340; x_wconf 86' lang='lat' dir='ltr'><strong>est</strong></span> <span class='ocrx_word' id='word_1_231' title='bbox 1111 3276 1198 3362; x_wconf 92' lang='lat' dir='ltr'><strong>quod</strong></span> <span class='ocrx_word' id='word_1_232' title='bbox 1216 3278 1377 3342; x_wconf 91' lang='lat' dir='ltr'><strong>miremur.</strong></span> 
     </span>
     <span class='ocr_line' id='line_1_28' title="bbox 236 3368 1379 3475; baseline 0 -23"><span class='ocrx_word' id='word_1_233' title='bbox 236 3390 352 3475; x_wconf 89' lang='lat' dir='ltr'><strong>Itaque</strong></span> <span class='ocrx_word' id='word_1_234' title='bbox 374 3389 435 3452; x_wconf 91' lang='lat' dir='ltr'><strong>hac</strong></span> <span class='ocrx_word' id='word_1_235' title='bbox 449 3371 691 3454; x_wconf 70' lang='lat' dir='ltr'><strong>narratiuncula</strong></span> <span class='ocrx_word' id='word_1_236' title='bbox 714 3389 754 3452; x_wconf 89' lang='lat' dir='ltr'><strong>de</strong></span> <span class='ocrx_word' id='word_1_237' title='bbox 769 3389 894 3452; x_wconf 90' lang='lat' dir='ltr'><strong>Iunone</strong></span> <span class='ocrx_word' id='word_1_238' title='bbox 908 3387 1070 3451; x_wconf 87' lang='lat' dir='ltr'><strong>Mercurio</strong></span> <span class='ocrx_word' id='word_1_239' title='bbox 1085 3368 1206 3451; x_wconf 92' lang='lat' dir='ltr'><strong>infanti</strong></span> <span class='ocrx_word' id='word_1_240' title='bbox 1222 3387 1270 3451; x_wconf 88' lang='lat' dir='ltr'><strong>lac</strong></span> <span class='ocrx_word' id='word_1_241' title='bbox 1285 3410 1379 3473; x_wconf 90' lang='lat' dir='ltr'><strong>prae-</strong></span> 
     </span>
     <span class='ocr_line' id='line_1_29' title="bbox 235 3499 1266 3584; baseline -0.002 -21"><span class='ocrx_word' id='word_1_242' title='bbox 235 3499 333 3564; x_wconf 92' lang='lat' dir='ltr'><strong>bente</strong></span> <span class='ocrx_word' id='word_1_243' title='bbox 355 3499 574 3583; x_wconf 89' lang='lat' dir='ltr'><strong>fragmentum</strong></span> <span class='ocrx_word' id='word_1_244' title='bbox 596 3499 613 3562; x_wconf 93' lang='grc' dir='ltr'><strong>Ι</strong></span> <span class='ocrx_word' id='word_1_245' title='bbox 635 3499 814 3584; x_wconf 86' lang='lat' dir='ltr'><strong>suppletur.</strong></span> <span class='ocrx_word' id='word_1_246' title='bbox 1264 3579 1266 3583; x_wconf 70' lang='lat'>‚</span> 
     </span>
    </p>

    <p class='ocr_par' dir='ltr' id='par_1_6' title="bbox 143 3604 1377 4028">
     <span class='ocr_line' id='line_1_30' title="bbox 320 3604 1377 3696; baseline -0.001 -23"><span class='ocrx_word' id='word_1_247' title='bbox 320 3610 401 3674; x_wconf 89' lang='lat' dir='ltr'><strong>Eius</strong></span> <span class='ocrx_word' id='word_1_248' title='bbox 414 3609 622 3690; x_wconf 80' lang='lat' dir='ltr'><strong>narrationis,</strong></span> <span class='ocrx_word' id='word_1_249' title='bbox 635 3631 731 3696; x_wconf 89' lang='lat' dir='ltr'><strong>quam</strong></span> <span class='ocrx_word' id='word_1_250' title='bbox 743 3607 979 3674; x_wconf 85' lang='lat' dir='ltr'><strong>Eratosthenes</strong></span> <span class='ocrx_word' id='word_1_251' title='bbox 994 3616 1078 3672; x_wconf 90' lang='lat' dir='ltr'><strong>teste</strong></span> <span class='ocrx_word' id='word_1_252' title='bbox 1092 3604 1220 3672; x_wconf 87' lang='lat' dir='ltr'><strong>Achille</strong></span> <span class='ocrx_word' id='word_1_253' title='bbox 1234 3609 1269 3671; x_wconf 89' lang='lat' dir='ltr'><strong>in</strong></span> <span class='ocrx_word' id='word_1_254' title='bbox 1281 3608 1377 3672; x_wconf 77' lang='lat' dir='ltr'><strong>(lata-</strong></span> 
     </span>
     <span class='ocr_line' id='line_1_31' title="bbox 235 3703 1377 3805; baseline -0.003 -21"><span class='ocrx_word' id='word_1_255' title='bbox 235 3720 394 3784; x_wconf 89' lang='lat' dir='ltr'><strong>sterismis</strong></span> <span class='ocrx_word' id='word_1_256' title='bbox 411 3718 557 3805; x_wconf 86' lang='lat' dir='ltr'><strong>protulit,</strong></span> <span class='ocrx_word' id='word_1_257' title='bbox 580 3720 701 3783; x_wconf 92' lang='lat' dir='ltr'><strong>mentio</strong></span> <span class='ocrx_word' id='word_1_258' title='bbox 716 3719 848 3782; x_wconf 89' lang='lat' dir='ltr'><strong>inicitur</strong></span> <span class='ocrx_word' id='word_1_259' title='bbox 868 3719 903 3781; x_wconf 92' lang='lat' dir='ltr'><strong>in</strong></span> <span class='ocrx_word' id='word_1_260' title='bbox 918 3716 1024 3782; x_wconf 90' lang='lat' dir='ltr'><strong>tribus</strong></span> <span class='ocrx_word' id='word_1_261' title='bbox 1047 3703 1113 3782; x_wconf 84' lang='lat' dir='ltr'><strong>illis</strong></span> <span class='ocrx_word' id='word_1_262' title='bbox 1129 3716 1221 3782; x_wconf 88' lang='lat' dir='ltr'><strong>libris</strong></span> <span class='ocrx_word' id='word_1_263' title='bbox 1244 3719 1299 3803; x_wconf 91' lang='lat' dir='ltr'><strong>qui</strong></span> <span class='ocrx_word' id='word_1_264' title='bbox 1319 3717 1377 3782; x_wconf 90' lang='lat' dir='ltr'><strong>ubi</strong></span> 
     </span>
     <span class='ocr_line' id='line_1_32' title="bbox 234 3813 1375 3916; baseline -0.004 -22"><span class='ocrx_word' id='word_1_265' title='bbox 234 3831 444 3894; x_wconf 89' lang='lat' dir='ltr'><strong>consentiunt</strong></span> <span class='ocrx_word' id='word_1_266' title='bbox 471 3853 530 3916; x_wconf 93' lang='lat' dir='ltr'><strong>pro</strong></span> <span class='ocrx_word' id='word_1_267' title='bbox 557 3852 622 3894; x_wconf 91' lang='lat' dir='ltr'><strong>uno</strong></span> <span class='ocrx_word' id='word_1_268' title='bbox 648 3813 792 3894; x_wconf 87' lang='lat' dir='ltr'><strong>habendi</strong></span> <span class='ocrx_word' id='word_1_269' title='bbox 819 3838 908 3892; x_wconf 92' lang='lat' dir='ltr'><strong>sunt:</strong></span> <span class='ocrx_word' id='word_1_270' title='bbox 945 3827 1068 3911; x_wconf 86' lang='lat' dir='ltr'><strong>[Erat]</strong></span> <span class='ocrx_word' id='word_1_271' title='bbox 1093 3827 1375 3910; x_wconf 62' lang='grc'><strong>0616616442),</strong></span> 
     </span>
     <span class='ocr_line' id='line_1_33' title="bbox 143 3936 1375 4028; baseline -0.002 -23"><span class='ocrx_word' id='word_1_272' title='bbox 143 4015 148 4018; x_wconf 46' lang='grc'>,</span> <span class='ocrx_word' id='word_1_273' title='bbox 233 3941 323 4028; x_wconf 88' lang='lat' dir='ltr'><strong>Hyg.</strong></span> <span class='ocrx_word' id='word_1_274' title='bbox 340 3939 380 4004; x_wconf 92' lang='lat' dir='ltr'><strong>de</strong></span> <span class='ocrx_word' id='word_1_275' title='bbox 397 3938 694 4028; x_wconf 80' lang='lat' dir='ltr'><strong>astr.1143med.,</strong></span> <span class='ocrx_word' id='word_1_276' title='bbox 718 3937 819 4002; x_wconf 90' lang='lat' dir='ltr'><strong>schol.</strong></span> <span class='ocrx_word' id='word_1_277' title='bbox 835 3939 945 4004; x_wconf 82' lang='lat' dir='ltr'><strong>Germ.</strong></span> <span class='ocrx_word' id='word_1_278' title='bbox 966 3961 998 4024; x_wconf 90' lang='lat' dir='ltr'><strong>p.</strong></span> <span class='ocrx_word' id='word_1_279' title='bbox 1017 3937 1078 4001; x_wconf 84' lang='lat'><strong>104</strong></span> <span class='ocrx_word' id='word_1_280' title='bbox 1093 3947 1125 4000; x_wconf 87' lang='lat' dir='ltr'><strong>et</strong></span> <span class='ocrx_word' id='word_1_281' title='bbox 1142 3937 1201 4000; x_wconf 82' lang='grc'><strong>187</strong></span> <span class='ocrx_word' id='word_1_282' title='bbox 1225 3936 1339 4023; x_wconf 88' lang='lat' dir='ltr'><strong>Breys.</strong></span> <span class='ocrx_word' id='word_1_283' title='bbox 1349 3937 1375 4022; x_wconf 85' lang='lat'><strong>³)</strong></span> 
     </span>
    </p>
   </div>
   <div class='ocr_carea' id='block_1_5' title="bbox 231 4193 1375 4471">
    <p class='ocr_par' dir='ltr' id='par_1_7' title="bbox 231 4193 1375 4471">
     <span class='ocr_line' id='line_1_34' title="bbox 303 4193 1375 4260; baseline -0.003 -14"><span class='ocrx_word' id='word_1_284' title='bbox 303 4197 328 4260; x_wconf 87' lang='lat'><strong>1)</strong></span> <span class='ocrx_word' id='word_1_285' title='bbox 347 4198 481 4259; x_wconf 84' lang='lat' dir='ltr'><strong>Quorsum</strong></span> <span class='ocrx_word' id='word_1_286' title='bbox 499 4199 523 4247; x_wconf 87' lang='lat' dir='ltr'><strong>si</strong></span> <span class='ocrx_word' id='word_1_287' title='bbox 540 4198 596 4247; x_wconf 79' lang='lat' dir='ltr'><strong>hoc&#39;</strong></span> <span class='ocrx_word' id='word_1_288' title='bbox 614 4213 707 4247; x_wconf 89' lang='lat' dir='ltr'><strong>verum</strong></span> <span class='ocrx_word' id='word_1_289' title='bbox 723 4200 795 4246; x_wconf 86' lang='lat' dir='ltr'><strong>esset</strong></span> <span class='ocrx_word' id='word_1_290' title='bbox 813 4196 930 4246; x_wconf 88' lang='lat' dir='ltr'><strong>Achilles</strong></span> <span class='ocrx_word' id='word_1_291' title='bbox 952 4195 984 4244; x_wconf 88' lang='lat' dir='ltr'><strong>de</strong></span> <span class='ocrx_word' id='word_1_292' title='bbox 1007 4194 1097 4244; x_wconf 86' lang='lat' dir='ltr'><strong>lacteo</strong></span> <span class='ocrx_word' id='word_1_293' title='bbox 1116 4193 1217 4244; x_wconf 91' lang='lat' dir='ltr'><strong>circulo</strong></span> <span class='ocrx_word' id='word_1_294' title='bbox 1241 4194 1375 4244; x_wconf 88' lang='lat' dir='ltr'><strong>disserens</strong></span> 
     </span>
     <span class='ocr_line' id='line_1_35' title="bbox 231 4260 1375 4326; baseline -0.003 -12"><span class='ocrx_word' id='word_1_295' title='bbox 231 4267 415 4315; x_wconf 88' lang='lat' dir='ltr'><strong>narrationem</strong></span> <span class='ocrx_word' id='word_1_296' title='bbox 434 4265 509 4315; x_wconf 90' lang='lat' dir='ltr'><strong>illam</strong></span> <span class='ocrx_word' id='word_1_297' title='bbox 527 4265 559 4315; x_wconf 91' lang='lat' dir='ltr'><strong>de</strong></span> <span class='ocrx_word' id='word_1_298' title='bbox 576 4266 709 4315; x_wconf 89' lang='lat' dir='ltr'><strong>Mercurio</strong></span> <span class='ocrx_word' id='word_1_299' title='bbox 733 4266 841 4314; x_wconf 85' lang='lat' dir='ltr'><strong>omnino</strong></span> <span class='ocrx_word' id='word_1_300' title='bbox 866 4264 1020 4326; x_wconf 79' lang='lat' dir='ltr'><strong>tetigisset?</strong></span> <span class='ocrx_word' id='word_1_301' title='bbox 1079 4305 1083 4311; x_wconf 89' lang='lat'><strong>.</strong></span> <span class='ocrx_word' id='word_1_302' title='bbox 1139 4260 1166 4326; x_wconf 84' lang='lat'><strong>2)</strong></span> <span class='ocrx_word' id='word_1_303' title='bbox 1190 4261 1319 4312; x_wconf 85' lang='lat' dir='ltr'><strong>Scholion</strong></span> <span class='ocrx_word' id='word_1_304' title='bbox 1339 4263 1375 4311; x_wconf 87' lang='lat' dir='ltr'><strong>ad</strong></span> 
     </span>
     <span class='ocr_line' id='line_1_36' title="bbox 231 4330 1373 4396; baseline -0.003 -14"><span class='ocrx_word' id='word_1_305' title='bbox 231 4333 278 4382; x_wconf 83' lang='lat' dir='ltr'><strong>Ar.</strong></span> <span class='ocrx_word' id='word_1_306' title='bbox 295 4332 460 4385; x_wconf 67' lang='lat' dir='ltr'><strong>Phaeneae</strong></span> <span class='ocrx_word' id='word_1_307' title='bbox 478 4334 636 4384; x_wconf 87' lang='lat' dir='ltr'><strong>lacunosum</strong></span> <span class='ocrx_word' id='word_1_308' title='bbox 653 4349 714 4383; x_wconf 88' lang='lat' dir='ltr'><strong>esse</strong></span> <span class='ocrx_word' id='word_1_309' title='bbox 733 4333 835 4396; x_wconf 86' lang='lat' dir='ltr'><strong>Freyus</strong></span> <span class='ocrx_word' id='word_1_310' title='bbox 853 4333 913 4384; x_wconf 87' lang='lat' dir='ltr'><strong>iure</strong></span> <span class='ocrx_word' id='word_1_311' title='bbox 933 4331 1076 4384; x_wconf 85' lang='lat' dir='ltr'><strong>contendit</strong></span> <span class='ocrx_word' id='word_1_312' title='bbox 1094 4330 1202 4392; x_wconf 85' lang='lat' dir='ltr'><strong>(Rheiri.</strong></span> <span class='ocrx_word' id='word_1_313' title='bbox 1216 4332 1284 4381; x_wconf 90' lang='lat' dir='ltr'><strong>Mus.</strong></span> <span class='ocrx_word' id='word_1_314' title='bbox 1298 4330 1373 4379; x_wconf 92' lang='lat' dir='ltr'><strong>XXV</strong></span> 
     </span>
     <span class='ocr_line' id='line_1_37' title="bbox 231 4400 752 4471; baseline 0.006 -20"><span class='ocrx_word' id='word_1_315' title='bbox 231 4418 258 4471; x_wconf 85' lang='lat' dir='ltr'><strong>p.</strong></span> <span class='ocrx_word' id='word_1_316' title='bbox 277 4403 348 4466; x_wconf 79' lang='lat'><strong>272).</strong></span> <span class='ocrx_word' id='word_1_317' title='bbox 451 4401 478 4468; x_wconf 80' lang='grc'><strong>3,)</strong></span> <span class='ocrx_word' id='word_1_318' title='bbox 497 4401 537 4454; x_wconf 83' lang='lat' dir='ltr'><strong>cf.</strong></span> <span class='ocrx_word' id='word_1_319' title='bbox 556 4400 699 4470; x_wconf 50' lang='lat' dir='ltr'><strong>(imp—XI</strong></span> <span class='ocrx_word' id='word_1_320' title='bbox 712 4403 752 4454; x_wconf 86' lang='grc'><strong>19.</strong></span> 
     </span>
    </p>
   </div>
   <div class='ocr_carea' id='block_1_6' title="bbox 0 0 1682 5076">
    <p class='ocr_par' dir='ltr' id='par_1_8' title="bbox 0 0 1682 5076">
     <span class='ocr_line' id='line_1_38' title="bbox 0 0 1682 5076; baseline 0 6"><span class='ocrx_word' id='word_1_321' title='bbox 0 0 1682 5076; x_wconf 95' lang='lat' dir='ltr'><strong> </strong></span> 
     </span>
    </p>
   </div>
  </div>
 </body>
</html>
