3324 5074
316 291 359 354 64
600 273 604 281 “
782 289 989 342 urrucvnrvs

317 459 477 546 synizesis
500 458 558 523 sed
580 460 698 553 prioris
721 479 733 520 ι
755 456 884 522 litterae
906 460 1068 545 correptio
1092 459 1265 524 statuenda
1293 469 1351 524 est.
1396 459 1459 524 Lo·
1571 472 1575 478 '
1657 435 1658 460 l

316 571 445 633 renzius
474 569 605 655 quidem
633 569 716 632 hanc
743 591 880 654 usquam
905 569 1043 654 reperiri
1065 569 1202 653 negavit
1229 569 1459 654 (Epicharmos

316 679 430 745 Leben
451 702 482 743 u.
506 678 597 743 Schr.
620 702 652 764 p.
675 679 769 763 247);
794 681 851 742 sed
866 678 1076 744 vehementer
1098 699 1171 742 eum
1194 699 1301 742 errare
1323 688 1461 764 apparet

318 811 360 853 ex
382 789 495 874 hymni
517 787 613 856 Hom.
637 789 671 851 in
700 788 772 852 Cer.
800 811 832 853 v.
859 787 920 852 105
948 785 1187 873 (Ἐλευσινίδαο
1216 787 1398 872 θύγατρες)
1428 798 1461 851 et

317 921 360 962 ex
384 898 482 985 Soph.
499 887 576 962 Ant.
600 921 630 962 v.
649 899 731 960 1120
755 899 964 982 (παγκοίνοις
983 895 1207 983 casseratas).
1250 898 1300 962 cf.
1324 899 1460 984 interpr.

318 1009 359 1072 ad
376 1009 407 1072 h.
424 1009 445 1070 l.
482 1007 616 1072 Lobeck
632 1007 754 1094 pathol.
772 1029 868 1072 serm.
892 1008 950 1072 Gr.
966 1007 1048 1093 prol.
1067 1031 1100 1094 p.
1115 1008 1188 1073 242.
1213 1045 1252 1055 -
1276 995 1461 1091 ὃῆμήτερος

318 1119 392 1182 Vat.
416 1154 457 1164 -
480 1118 531 1182 De
554 1120 645 1182 vocis
668 1141 726 1201 μιν
748 1117 840 1182 duali
862 1119 992 1184 notione
1014 1141 1046 1182 v.
1073 1141 1104 1204 p.
1131 1121 1167 1181 11
1185 1140 1256 1205 sqq.

405 1229 452 1296 16.
490 1228 543 1292 Of.
566 1227 726 1312 Forbiger
748 1227 935 1292 Handbuch
958 1229 1016 1292 der
1037 1228 1125 1292 alten
1148 1227 1269 1312 Geogr.
1294 1227 1311 1290 I
1333 1228 1459 1313 12:364.

402 1338 523 1401 Terrae
545 1339 578 1401 in
601 1339 744 1424 quinque
771 1359 869 1402 zonas
899 1337 1017 1402 divisio
1045 1338 1087 1427 ad
1110 1337 1336 1401 Parmenidem
1366 1339 1460 1422 quasi

318 1451 457 1535 primum
473 1457 639 1512 auctorem
661 1449 809 1514 refertur.
821 1451 845 1532 ¹)
880 1448 1022 1512 Easdem
1037 1449 1261 1533 proprietates
1285 1471 1365 1535 quas
1381 1449 1461 1512 Era-

317 1559 484 1624 tosthenes
508 1559 583 1640 (hoc
597 1558 669 1622 loco
684 1558 850 1644 multoque
872 1559 1055 1622 accuratius
1070 1560 1105 1622 in
1121 1558 1407 1645 Gcogr‘aphicis)²)
1430 1567 1462 1622 et

318 1668 483 1752 Vergilius
501 1670 591 1732 zonis
613 1669 807 1750 attribuunt,
831 1668 1010 1734 multorum
1022 1668 1260 1754 descriptiones
1278 1679 1459 1734 recensent.

318 1779 534 1844 Enumeravit
549 1779 722 1864 scriptores
739 1782 795 1864 qui
811 1778 851 1842 de
867 1781 959 1844 zonis
977 1787 1113 1864 egerunt
1128 1779 1327 1864 Eorbigerus
1342 1803 1375 1865 p.
1387 1779 1458 1842 544.

319 1888 370 1953 Of.
393 1888 629 1952 Reifferscheid
653 1890 787 1954 Suetoni
808 1888 866 1954 rel.
893 1886 925 1976 p.
950 1889 1020 1954 195.
1037 1911 1108 1976 sqq.
1133 1929 1171 1938 -

403 1999 495 2064 Haec
529 1999 683 2064 caelestia
715 1999 870 2063 Mercurii
906 2000 1025 2064 itinera
1057 2000 1100 2064 ab
1134 1999 1351 2064 Eratosthene
1383 2001 1461 2064 ficta

316 2111 462 2195 respexit
484 2109 641 2195 Polybius
647 2159 656 2193 ,
681 2132 700 2172 a
722 2132 785 2196 quo
807 2110 1058 2181 Eratosthenem
1081 2110 1156 2196 quia
1178 2109 1322 2194 Pytheae
1344 2110 1460 2174 Massi-

317 2220 411 2284 liensi
427 2219 524 2283 fidem
540 2218 674 2282 haberet
688 2221 908 2306 vituperatum
925 2241 996 2286 esse
1012 2220 1130 2285 Strabo
1151 2243 1210 2284 nos
1226 2220 1322 2284 docet
1338 2221 1360 2284 l.
1377 2220 1415 2284 ΙΙΙ
1427 2243 1460 2306 p.

262 2388 265 2397 .
320 2331 396 2393 104:
419 2327 508 2393 πολὺ
530 2329 569 2393 δέ
589 2346 672 2412 φησι
693 2329 827 2411 βέλτιον
846 2335 893 2413 τῷ
908 2335 1093 2416 Μεσσηνίῳ
1115 2329 1459 2416 πιστεύεινῆτούτῳ·

318 2435 341 2502 ὁ’
361 2439 474 2522 μέντοι
500 2460 540 2521 γε
567 2439 614 2513 εἰς
641 2441 721 2522 μίαν
748 2438 862 2524 χώραν
889 2439 951 2525 τὴν
978 2444 1156 2523 Παγχαίαν
1183 2442 1272 2523 λέγει
1300 2446 1458 2506 πλεῦσαι·

318 2544 336 2613 ὁ
359 2549 396 2613 δὲ
419 2547 475 2611 καὶ
497 2549 592 2633 μέχρι
614 2551 682 2612 τοῖν
704 2554 765 2613 τοῦ
788 2549 917 2633 κόσμου
932 2550 1088 2636 περάτων
1109 2539 1379 2616 κατωκτευαὲναι
1398 2548 1460 2634 τὴν

318 2658 547 2741 προσάρκτιον
572 2662 634 2754 πῆς
662 2655 830 2744 Εὐρώπης
860 2665 989 2745 πᾶσαν,
1020 2658 1064 2745 ἣν
1092 2659 1169 2726 ou’d'
1197 2658 1240 2726 ἂν
1268 2665 1315 2746 τῷ
1344 2658 1459 2745 Ἑρμῇ

317 2769 494 2834 πιστεύσαι
515 2793 566 2845 τις
587 2770 729 2852 λέγοντι.
775 2772 815 2835 V.
838 2771 993 2836 Meineke
1014 2772 1106 2837 vind.
1130 2771 1238 2840 Strab.
1262 2795 1295 2858 p.
1320 2774 1369 2835 11.
1451 2751 1453 2756 ⁴

274 3080 277 3085 Δ
402 2989 465 3054 His
493 2990 594 3074 igitur
622 3012 705 3076 quae
738 2993 877 3058 tractavi
907 2993 1100 3078 fragmentis
1135 2993 1328 3058 examinatis
1362 3001 1459 3078 atque

318 3101 403 3163 inter
431 3121 465 3166 sc
493 3099 618 3163 collatis
648 3101 856 3165 simulacrum
884 3102 1071 3168 effinximus
1099 3104 1253 3169 carminis
1286 3087 1333 3165 de
1361 3103 1459 3168 Mer·

318 3211 423 3274 curii
445 3211 635 3296 pueritia.
672 3211 827 3277 Narravit
842 3213 1074 3302 Eratosthenes
1098 3213 1227 3277 fabulas
1243 3214 1284 3276 de
1307 3224 1379 3277 ortu
1395 3214 1458 3295 dei,

318 3320 359 3383 de
388 3321 485 3384 lactei
512 3322 624 3386 circuli
653 3323 795 3408 origine,
830 3322 871 3386 de
901 3323 1079 3411 puerilibus
1107 3323 1262 3388 Mercurii
1288 3324 1384 3408 iocis,
1417 3323 1458 3387 de

317 3431 404 3494 furto
427 3430 543 3513 boum,
571 3431 612 3495 de
634 3433 771 3498 inventa
792 3432 865 3518 lyra
874 3433 916 3518 ³);
940 3433 1066 3499 rettulit
1087 3456 1182 3520 porro
1206 3433 1402 3499 Mercurium
1424 3435 1459 3496 in
1571 3458 1574 3462 ’

232 3617 233 3620 ¹
318 3541 473 3604 caelestes
497 3541 646 3624 regiones
662 3529 847 3607 a‘scendisse
862 3544 973 3630 ibique
989 3545 1140 3608 miratum
1157 3565 1227 3607 esse
1248 3545 1458 3631 sphaerarum

225 3657 228 3664 ’
318 3660 423 3715 motus
451 3651 695 3715 consonantiam
729 3651 820 3737 lyrae
848 3635 1043 3738 efficientes,
1077 3655 1229 3718 miratum
1263 3676 1333 3718 esse
1362 3627 1474 3719 lactei·

317 3759 430 3825 circuli
457 3762 511 3826 cui
538 3748 608 3847 ipse
637 3762 793 3845 originem
822 3763 950 3828 dederit
977 3763 1234 3850 splendorem⁴):
1264 3766 1458 3849 cognovisse

318 3880 487 3958 praeterea
502 3894 566 3958 quo
582 3873 677 3937 modo
693 3873 765 3936 axis
789 3895 847 3959 per
869 3895 979 3937 omnes
1003 3875 1158 3960 sphaeras
1181 3875 1343 3961 pervadat
1365 3877 1458 3959 cique

386 4063 411 4126 1)
434 4061 521 4113 Zeller
544 4061 587 4112 die
609 4063 712 4121 Philos.
735 4062 780 4110 der
803 4062 848 4113 Gr.
868 4065 881 4113 I
904 4080 928 4129 p.
944 4067 1003 4116 485.
1109 4064 1136 4128 Ξ)
1160 4067 1201 4115 De
1222 4065 1308 4115 media
1330 4081 1399 4114 zona
1420 4065 1458 4114 ihi

317 4128 397 4179 aliter
414 4135 496 4196 atque
516 4133 543 4180 in
562 4132 695 4180 Mercurio
713 4130 858 4183 iudicavit:
878 4148 902 4186 v.
922 4131 1019 4182 Strabo
1037 4134 1065 4183 Il
1084 4149 1109 4197 p.
1127 4135 1168 4187 97.
1221 4133 1247 4197 3)
1266 4133 1317 4183 His
1335 4133 1458 4182 addenda

316 4204 391 4248 esset
410 4198 509 4248 fabella
521 4199 554 4248 de
569 4200 697 4250 Mercurii
710 4205 738 4248 et
750 4199 862 4248 Veneris
879 4202 1024 4262 amoribus,
1044 4201 1066 4250 si
1084 4207 1158 4250 certa
1174 4206 1246 4251 esset
1263 4201 1407 4265 fragmenti
1419 4201 1458 4250 IX

317 4266 466 4330 explicatio
484 4283 501 4315 a
519 4266 695 4330 Bernhardyo
714 4268 860 4332 proposita.
913 4267 940 4334 4)
960 4269 991 4318 fr.
1005 4268 1054 4318 XV
1071 4261 1227 4334 θαυμάσας
1247 4267 1408 4331 (eviratum).
1427 4269 1459 4318 tr.

317 4333 381 4384 XVI
398 4332 483 4385 miror
500 4331 525 4383 ai
542 4331 696 4400 apprcdiar.
