3324 5074
315 393 374 455 120
608 392 789 442 INCERTAE
810 391 913 444 SEDIS
931 393 1152 444 FRAGMENTA

311 558 467 624 credibile
489 570 554 640 est,
584 555 842 640 exonerarem
866 558 908 622 de
930 560 977 623 rei
1000 557 1136 623 alieuius
1164 560 1356 625 tractatione
1378 581 1452 645 poe-

311 669 376 734 tica
403 669 473 732 siue
501 669 648 733 imitandi
678 669 809 733 notione
837 671 988 754 usurpari
1018 668 1172 756 potuisse.
1227 669 1330 732 Nemo
1364 690 1453 747 vero,

269 846 271 850 ,
310 780 446 866 opinor,
485 776 607 842 diserte
646 777 817 864 profitetur
856 799 890 842 ae
926 800 1026 842 unum
1060 777 1211 863 idemque
1244 799 1361 865 poema
1393 788 1454 840 ter

311 888 509 951 imitatum
532 908 629 951 esse.
660 885 753 968 Quae
768 908 842 952 cum
857 889 902 952 ita
918 889 993 969 sint,
1016 888 1160 952 concidit
1176 889 1274 952 etiam
1290 895 1455 972 postrema

311 996 447 1081 Bergkii
470 997 658 1061 coniectura
671 995 712 1080 1);
743 999 912 1061 materiam
939 997 981 1062 ab
1011 996 1229 1062 Eratosthene
1258 1006 1307 1060 ter
1334 1004 1454 1060 tracta·

311 1117 376 1170 tam
399 1106 501 1171 fuisse
529 1105 675 1171 fabulam
704 1105 745 1169 de
768 1105 873 1169 Icario
901 1115 933 1170 et
960 1105 1103 1190 Erigone
1111 1155 1125 1187 ,
1150 1127 1246 1192 quam
1273 1104 1456 1170 narraverit

311 1217 345 1278 in
376 1215 632 1297 CatasteriamiS‚
666 1216 699 1280 iu
730 1215 910 1295 Mercurio,
945 1216 980 1278 in
1007 1215 1163 1300 Erigone.
1215 1216 1277 1280 Cui
1310 1214 1455 1301 opinioni

312 1325 410 1388 etiam
432 1324 467 1388 id
489 1325 598 1390 obstat
625 1324 666 1388 de
688 1346 752 1412 quo
781 1333 877 1389 antea
899 1304 1003 1388 fusius
1032 1327 1099 1410 egi:
1128 1323 1215 1412 quod
1243 1322 1332 1388 nullo
1360 1323 1455 1388 modo

311 1433 418 1499 evinci
448 1443 571 1520 potest,
603 1433 700 1500 Icarii
736 1443 768 1498 et
801 1433 967 1519 Erigonae
994 1434 1064 1499 fata
1098 1435 1132 1498 in
1161 1433 1323 1498 Mercurio
1354 1417 1456 1497 fuisse

313 1544 471 1629 exposita.
791 1523 797 1536 ⁸
866 1549 870 1556 '

787 1791 980 1856 XXXVIII

340 1973 343 1986 ,
398 1925 478 1992 Hes.
502 1921 747 2010 ἡδυντῆρες·
771 1926 805 1989 ol
825 1924 911 2000 ἅλες.
955 1922 1262 2010 Ἐρατοσθένης.

399 2033 492 2100 Phet.
515 2035 598 2100 Lex.
621 2031 865 2118 ἡδνντῆρες·
890 2032 975 2110 ἅλες.
1013 2032 1102 2109 τινὲς
1124 2032 1161 2098 δὲ
1178 2032 1337 2114 λέγουσιν
1352 2030 1458 2118 ἡδυν-

314 2147 418 2227 τῆτες.
431 2144 457 2230 ²)
495 2143 612 2209 Pollux
634 2142 684 2207 VI
707 2144 745 2208 'll
772 2141 955 2208 ἐκαλοῦντο
979 2143 1016 2208 el
1039 2144 1094 2207 καὶ
1116 2143 1152 2206 οί
1171 2140 1249 2218 ἅλες
1270 2140 1457 2227 ἡδοντῆρες

315 2251 370 2317 διὰ
391 2249 428 2317 τὸ
451 2251 601 2336 ἡδύνειν.
645 2253 748 2318 Recte
768 2236 853 2316 idem
876 2252 957 2316 haec
978 2251 1086 2317 addit:
1117 2251 1172 2316 καὶ
1194 2251 1232 2316 τὸ
1260 2251 1458 2336 claudendi

315 2361 456 2446 ἡδύνειν
478 2364 640 2446 έλεγονΒ),
666 2384 748 2447 quae
773 2363 860 2426 vocis
883 2358 1070 2446 ηδοντῆρες
1093 2359 1343 2448 explicationem
1366 2385 1459 2448 prae-

316 2473 404 2536 bent.
443 2471 526 2535 Nam
547 2473 679 2535 minime
694 2471 874 2536 audiendus
891 2470 1025 2558 Trypho
1041 2473 1097 2557 qui
1113 2470 1244 2552 dicitur,
1268 2468 1460 2555 ἡδυντῆρας

318 2581 401 2646 sales
430 2579 503 2644 κατ’
534 2578 739 2664 ἀντίφρασιν
772 2578 951 2668 appellatos
986 2602 1057 2644 esse
1088 2580 1303 2645 contendens:
1338 2579 1395 2644 διὰ
1423 2582 1459 2644 δὲ

317 2694 378 2756 τοῦ
400 2691 648 2775 παρακειμένου
670 2688 709 2753 τὰ
733 2687 805 2752 κατ’
831 2686 1093 2774 εὐφημισμὸν
1124 2689 1288 2773 λεγόμενα
1319 2689 1375 2754 καὶ
1397 2688 1460 2773 την
1495 2699 1498 2706 ’

318 2803 440 2867 κακίαν
462 2800 736 2885 περιστέλλοντα·
767 2793 811 2876 ὡς
834 2797 916 2862 ὅταν
943 2791 1006 2881 τήν
1027 2797 1131 2882 χολὴν
1159 2797 1278 2883 ἡδεῖαν
1301 2799 1460 2882 λέγωμεν,

319 2907 449 2987 καὶτὰς
466 2907 642 2994 Ἐριννύας
654 2905 855 2992 Εὐμενίδας,
878 2908 934 2972 καὶ
949 2908 1106 2992 Χοίροντα
1128 2907 1188 2974 τὸν
1210 2909 1317 2992 λύττης
1332 2932 1459 2992 ποιητι-

319 3021 398 3102 κόν,
428 3017 564 3084 καὶτὸν
593 3019 733 3100 δοσειὸῆ
762 3021 911 3102 πίθηκον
939 3018 1136 3098 κάλλιστον,
1166 3019 1223 3082 καὶ
1248 3019 1311 3102 τὴν
1340 3015 1462 3083 σκαιάν

320 3127 511 3213 εὐώνυμον,
540 3124 713 3204 καὶτοὺς
736 3126 832 3202 ἅλας
853 3124 1102 3211 ἡδυντῆρας.
1118 3129 1146 3210 4)
1191 3127 1243 3192 Of.
1268 3128 1371 3193 Arist.
1394 3128 1462 3192 Me-

320 3240 496 3321 teor.113,
512 3238 554 3302 42
575 3235 709 3313 altered
724 3238 873 3320 χονδροί,
897 3235 982 3301 ἄλλα
1006 3241 1126 3320 χαῦνοι
1142 3235 1198 3301 καὶ
1214 3235 1329 3301 λεπτοὶ
1349 3234 1462 3320 ὥσπερ

320 3346 418 3432 χιοίν·
460 3347 524 3412 εἰσὶ
556 3345 594 3411 δὲ
626 3346 689 3430 τήν
721 3370 756 3411 τε
788 3348 934 3430 δύναμιν
966 3344 1206 3436 ἀσθενέστεροι
1237 3345 1293 3409 καὶ
1326 3349 1464 3421 πλείους

320 3455 555 3540 ἡδύνουσιν
579 3457 804 3540 ἐμβληθέντες
826 3460 896 3520 κτλ,

405 3565 479 3629 Non
502 3566 683 3647 decernam,
707 3577 814 3631 utrum
837 3567 956 3630 rectius
980 3587 1054 3629 cum
1076 3565 1296 3652 Bernhardyo
1320 3570 1366 3652 (p.
1394 3565 1470 3650 142)

321 3685 517 3755 statuamus,
544 3676 792 3740 Eratosthenem
820 3675 854 3738 in
881 3676 1023 3740 carmine
1051 3673 1159 3761 aliquo
1182 3697 1276 3740 usum
1306 3667 1465 3740 essehoc

322 3785 398 3850 salis
414 3784 557 3870 epitheto
569 3785 779 3869 (antiquiores
796 3785 935 3848 fortasse
952 3784 1123 3868 secutum),
1137 3805 1179 3847 an
1194 3806 1268 3848 eum
1281 3783 1464 3850 Schmidtio

243 3935 249 3942 x
324 3894 416 3979 (Did.
445 3893 559 3978 fragm.
593 3917 623 3978 p.
653 3894 709 3974 55)
743 3893 848 3959 locum
877 3893 1035 3979 Hesychii
1063 3892 1103 3957 ad
1136 3892 1234 3958 libros
1263 3894 1304 3956 de
1332 3895 1465 3978 antiqua

208 4027 210 4031 ’
323 4003 490 4069 comoedia
511 4004 700 4068 referamne.
745 4002 796 4067 Of.
819 4025 851 4088 p.
877 4006 945 4067 111.

325 4181 394 4186 ....—-
403 4179 526 4186 ...φη-..-

392 4277 418 4343 1)
439 4277 518 4331 Anal.
541 4277 616 4332 Alex.
640 4280 666 4330 11
690 4294 715 4343 p.
741 4279 779 4330 18.
811 4277 913 4330 Ztschr.
937 4277 954 4328 f.
978 4277 1002 4332 d.
1026 4276 1092 4328 AW.
1118 4277 1183 4328 1850
1206 4293 1230 4342 p.
1257 4278 1305 4330 178
1322 4294 1361 4343 aq.

323 4345 351 4408 λ)
369 4337 511 4412 ἡδντῆρες
528 4343 563 4408 ej.
580 4344 710 4396 Naberuo.
779 4341 806 4410 3)
825 4344 904 4394 Phot.
924 4336 1097 4410 ἡδίνθαι·
1123 4336 1276 4408 ἤρτίσθαι.
1348 4343 1375 4410 4)
1393 4344 1466 4395 Rhe-

324 4421 397 4464 torea
416 4411 461 4464 Gr.
480 4412 521 4462 ed.
540 4411 619 4462 Waln
638 4411 692 4463 vol.
712 4412 779 4462 VIII
797 4429 822 4477 p.
840 4413 897 4465 766.
