3324 5074
309 1451 312 1459 .
389 1397 440 1461 De
462 1396 662 1462 sublimitate
684 1397 726 1462 33
747 1399 782 1460 τί
801 1395 854 1470 ds';
881 1393 1182 1480 Ἐρατοσθένης
1204 1393 1248 1460 ἐν
1271 1397 1317 1478 τῇ
1335 1391 1445 1479 Ἠρι-

277 1500 404 1590 .γόνῃ
427 1544 467 1553 -
490 1503 557 1571 διὰ
586 1506 750 1571 πάντων
778 1501 853 1587 γάρ
881 1502 1099 1589 ἀμώμητον
1121 1501 1163 1568 τὸ
1193 1504 1445 1590 ποιημάτιον

267 1625 271 1632 “
304 1653 346 1664 -
365 1612 560 1698 Ἀρχιλόχου
569 1617 591 1698 ¹)
620 1611 728 1679 πολλὰ
755 1615 811 1678 καὶ
833 1611 1078 1697 ἄνοικονόμητα
1105 1613 1362 1698 παρασύροντος
1384 1610 1446 1677 κᾶ-

289 1727 419 1807 .κιίνης
440 1728 498 1808 τῆς
520 1723 692 1810 ἐκβολὴςῖ)
715 1727 776 1788 τοῦ
800 1717 978 1807 δαιμονίου
1000 1718 1205 1807 πνεύματος,
1228 1722 1272 1806 ἢν
1294 1719 1361 1788 ὑπὸ
1384 1723 1446 1786 νό-

305 1856 371 1916 μον
392 1832 487 1910 τοὶξιιι
510 1834 692 1914 δύσκολον,
715 1824 780 1915 ἄρα
803 1831 843 1915 δὴ
866 1835 986 1915 μειζων
1008 1832 1158 1916 ποιητήςς
1209 1887 1213 1894 .

390 1943 441 2008 De
464 1944 525 2010 hoc
547 1943 617 2009 loco
633 1943 804 2008 Heckerus
814 1937 878 2006 *ila*
889 1942 1048 2028 disputat:
1072 1941 1178 2022 „Cum
1193 1965 1303 2006 omnes
1320 1952 1445 2008 veteres

303 2054 409 2118 critici
436 2056 571 2118 summis
600 2053 760 2116 laudibus
783 2052 942 2116 extollant
974 2050 1162 2115 Archilochi
1192 2052 1377 2137 ingenium,
1409 2045 1447 2116 ut

302 2153 497 2248 quibusdam
521 2164 629 2226 visum
651 2164 695 2227 sit
717 2163 871 2225 materiae
894 2163 1011 2225 vitium
1038 2161 1125 2246 quod
1153 2184 1316 2247 quoquam
1342 2165 1447 2226 minor

296 2273 354 2352 sit,
378 2272 492 2337 dubito
514 2295 557 2337 an
578 2272 746 2357 Longinus
770 2270 834 2335 tale
857 2271 936 2356 quid
959 2270 999 2335 de
1021 2279 1135 2356 poeta,
1164 2273 1199 2334 in
1225 2295 1288 2358 quo
1313 2251 1359 2335 nil
1380 2251 1446 2337 nisi

284 2381 537 2446 *facundissima
559 2383 624 2448 oris
648 2390 680 2445 et
702 2383 859 2445 sermonis
882 2381 1014 2444 licentia
1035 2381 1127 2443 utin
1149 2380 1281 2446 Cratino
1304 2391 1445 2463 notatur,

302 2491 410 2555 dicere
432 2494 467 2555 in
488 2493 632 2556 animum
646 2491 837 2555 inducturus
859 2491 987 2554 fuisset.
1024 2491 1196 2554 Praeterea
1218 2499 1445 2576 argumentum

302 2600 390 2686 quod
415 2601 628 2666 Archilochus
657 2600 829 2667 exornavit
857 2599 1114 2664 diversissimum
1143 2621 1163 2663 a
1185 2600 1296 2664 fabula
1318 2601 1444 2686 mytho·

302 2709 409 2795 logica
432 2711 473 2774 de
496 2710 649 2794 Erigone.
694 2712 758 2775 Pro
782 2707 978 2794 Ἀρχιλόχου
1007 2708 1216 2773 scribendum
1238 2720 1286 2774 est
1312 2707 1446 2774 Ἀντι-

302 2819 356 2908 μοι’
363 2843 454 2904 χον,
487 2821 522 2884 in
555 2843 618 2906 quo
649 2821 741 2906 epico
774 2821 929 2890 robustae
963 2820 1139 2906 gravisque
1165 2821 1321 2884 materiae
1349 2831 1446 2906 poeta

303 2931 383 2995 artis
406 2929 568 2994 delectum
584 2930 713 2994 notavit
734 2951 798 2994 non
812 2951 897 2992 unus
912 2929 1092 3013 Longinus.
1129 2929 1285 2994 Similiter
1303 2931 1338 2993 in
1353 2952 1444 3017 supe·

301 3038 444 3103 rioribus
467 3039 610 3103 Homero.
631 3038 766 3124 opponit
787 3037 998 3124 Apollonium
1020 3035 1211 3103 ἄπιωιον.“

388 3147 571 3214 Refellcndi
603 3148 780 3232 negotium,
806 3169 871 3212 non
903 3149 1121 3212 necessarium
1153 3151 1347 3233 arbitrarer,
1380 3151 1446 3214 nisi

304 3258 450 3324 Heckeri
471 3257 784 3343 argumentationem
811 3256 912 3344 (quod
934 3257 993 3322 v'ix
1015 3259 1206 3340 credideris)
1235 3259 1308 3346 aliis
1331 3282 1445 3346 appro-

303 3369 413 3432 batam
437 3389 506 3432 esse
529 3368 684 3434 viderem.
722 3367 837 3454 Itaque
859 3367 946 3454 quod
968 3349 1139 3431 Heekerus
1162 3371 1309 3450 miratur,
1329 3371 1446 3434 Archi-

304 3478 432 3542 lochum
463 3479 655 3562 aLongino
684 3500 779 3564 quem
801 3486 920 3542 vocant
941 3476 1137 3563 vituperari,
1168 3479 1292 3542 ratione
1315 3481 1445 3542 omnino

304 3595 393 3651 earet
415 3607 488 3650 cum
510 3586 589 3650 alias
612 3587 654 3651 ob
677 3609 792 3651 causas
821 3586 1015 3672 (dequibus
1044 3589 1072 3650 si
1100 3588 1173 3650 fuse
1196 3588 1256 3651 hoc
1278 3587 1348 3651 loco
1370 3609 1444 3672 age·

304 3719 382 3778 rem,
405 3695 572 3761 molestior
594 3718 699 3760 essem
721 3717 817 3781 quam
839 3696 961 3776 utilior)
989 3697 1057 3758 turn
1086 3697 1161 3780 quia
1182 3696 1279 3782 paulo
1307 3707 1382 3784 post
1405 3698 1446 3762 de

305 3806 448 3870 Pindaro
471 3815 504 3869 et
519 3804 689 3890 Sophocle,
711 3827 847 3890 quorum
869 3804 981 3868 laudes
998 3814 1084 3868 certe
1106 3827 1170 3868 non
1185 3806 1354 3871 inferiores
1370 3817 1446 3872 sunt

305 3915 492 3980 Archilochi
506 3916 621 4001 gloria,
642 3915 724 3979 haec
745 3914 897 3999 legimus:
921 3912 975 3980 ὁτὲ
996 3913 1059 3998 μὲν
1081 3905 1155 3978 οἷον
1177 3913 1287 3979 πάντα
1303 3915 1446 4000 ἑπιφλὲ-
1543 3926 1545 3930 ’

375 4157 400 4220 1)
418 4147 576 4222 Ἀρχίλοχον
593 4162 621 4207 et
637 4172 699 4206 mox
716 4147 932 4220 nunccupantem
949 4155 1046 4205 codex:
1065 4171 1116 4206 em.
1130 4154 1232 4206 Paulus
1249 4155 1398 4205 Manutius.

306 4221 333 4289 2)
352 4215 473 4275 κάκεῖνοι
490 4223 523 4289 τῇ
542 4217 646 4290 ἐμβολῇ
662 4224 802 4274 Heclrerus
813 4222 912 4273 Philol.
925 4224 948 4273 V
960 4241 987 4287 p.
999 4225 1056 4274 426.
1092 4221 1204 4274 Ceteras
1220 4224 1393 4273 coniecturas
1411 4222 1445 4272 ad

307 4291 611 4425 loggrrgmneeffigrdandum
633 4293 787 4357 propositas
813 4291 925 4341 Iahnius
951 4296 1097 4344 enumerat.
1136 4292 1176 4339 De
1202 4305 1283 4340 sensu
1309 4289 1444 4342 dubitatio
