3324 5074
349 456 409 518 124
660 457 839 507 EPISTVLA
856 457 905 506 Al)
924 411 1177 507 P'rounhmssvm

347 647 411 686 νου
439 622 650 705 κατασκευὴν
676 618 738 706 την
766 618 873 705 αὐτην
900 619 1178 705 ἀποπληροῦντος
1206 623 1332 705 χρείαν.
1379 617 1434 705 ἐφ’
1465 609 1490 704 ᾧ

347 732 399 796 uui
429 730 556 815 hepatia
583 728 645 814 μὲν
673 731 924 816 σεμνυνόμενος
951 733 1107 813 φαίνεται
1136 726 1155 794 ὁ
1180 727 1286 814 ἀνήρ,
1316 727 1424 795 πολλά
1453 722 1490 794 δὲ

346 853 414 917 τοῖς
438 838 700 927 Ἐρατοσθένους
728 839 919 922 ἐπεγγελῶν
954 835 1139 924 εὑρήμασιν
1173 837 1218 916 άς
1245 839 1427 924 ἀμηχάνοις
1454 861 1489 903 τε
1583 853 1588 860 “

346 948 414 1034 άμα
437 949 492 1014 καὶ
513 955 741 1034 γεωμετρικῆς
755 949 853 1027 ἕξεως
869 947 1102 1032 ἐστερημένοις
1123 952 1185 1014 τοῦ
1206 972 1242 1014 τε
1257 947 1487 1025 άνελλειποῦς.

346 1063 415 1124 τῶν
437 1061 555 1124 τοίνυν
589 1059 664 1142 περὶ
698 1057 735 1124 τὸ
767 1058 946 1142 πρόβλημα
978 1058 1220 1143 πεπονηκότων
1252 1063 1311 1143 τῆς
1343 1080 1377 1121 τε
1406 1055 1489 1141 πρὸς
1540 1079 1544 1085 ’

349 1169 564 1253 Ερατοσθένη
592 1171 800 1250 συγκρίσεως
826 1168 925 1233 ἕνεκα
947 1169 1004 1232 nui
1026 1165 1131 1233 αὐτὸν
1158 1179 1228 1245 τοῖς
1254 1166 1318 1253 ἤδη
1340 1191 1487 1251 γεγραμ-

345 1279 458 1362 μένοις
480 1277 695 1361 σννάπτομεν
718 1277 861 1361 δυνάμει
883 1278 1058 1366 γράφοντα
1081 1274 1198 1353 οὕτως.

431 1388 565 1454 Procius
588 1389 622 1452 in
644 1387 728 1452 Tim.
752 1411 784 1475 p.
810 1388 871 1452 149
886 1387 918 1451 D
946 1391 1016 1462 παῖς
1042 1381 1105 1470 μὲν
1134 1380 1197 1452 οὖν
1226 1385 1289 1452 δύο
1318 1389 1488 1453 δοθεισῶν

346 1495 492 1562 εὐθειῶν
524 1493 672 1562 δυνατδν
704 1495 767 1561 δύο
800 1495 903 1581 μέσᾰς
935 1495 1105 1578 άνάλογον
1138 1499 1272 1580 λαβεῖν,
1305 1494 1399 1582 ἡμεῖς
1432 1496 1487 1561 ἐπὶ

346 1609 431 1672 τέλει
454 1611 512 1690 τῆς
533 1609 759 1690 πραγματείας
787 1603 944 1689 εὑρόντες
971 1603 1034 1690 την
1055 1604 1247 1691 Ἀρχάτειον
1275 1607 1381 1684 δεῖξιν
1409 1602 1489 1672 άνα-’

345 1715 531 1799 γράψομεν,
566 1715 691 1798 ταύτην
725 1715 938 1798 ἐκλεξάμενοι
973 1718 1103 1798 μᾶλλον
1135 1710 1158 1798 ἦ
1184 1714 1246 1800 τήν
1278 1718 1486 1800 Μεναίχμον,

345 1825 431 1889 διότι
453 1835 524 1901 ταῖς
547 1836 706 1901 κωνικαῖς
733 1826 863 1901 ἐκεῖνος
885 1829 1003 1910 χρῆται
1024 1837 1208 1909 γραμμαῖς,
1233 1826 1288 1890 καὶ
1311 1819 1373 1909 την
1392 1823 1483 1909 Ἐρα-

345 1933 530 2010 voceuoce
552 1932 723 2016 ὦσαάτως,
747 1934 833 1999 διότι
856 1934 1001 2010 κανόνος
1023 1939 1141 2020 χρῆται
1163 1936 1359 2018 παραθέσει.

430 2045 560 2131 Pappus
584 2044 854 2109 aOommandino
876 2065 1050 2110 conversus
1074 2044 1128 2109 III
1148 2046 1277 2133 prop.4
1298 2067 1369 2110 cum
1389 2049 1487 2129 ipitur

345 2156 421 2220 tates
442 2157 508 2220 siut
522 2154 752 2236 prohhmatum
770 2155 974 2235 differentiae,
998 2156 1124 2237 antiqui
1136 2161 1308 2237 pearnetrae
1325 2157 1485 2238 problema

344 2270 417 2329 aute
431 2266 548 2329 dictum
562 2266 598 2328 in
612 2264 735 2329 duabus
749 2266 840 2328 rectis
855 2265 956 2345 tineis,
970 2266 1054 2346 quod
1067 2270 1186 2330 noima
1201 2266 1337 2330 solidum
1350 2270 1402 2343 cst,
1416 2251 1486 2347 pca-

345 2374 473 2437 metrica
494 2375 617 2438 ratione
629 2374 737 2438 innisi
751 2378 926 2439 corustrucre
940 2395 1005 2438 non
1022 2381 1201 2457 pamuunt,
1224 2377 1376 2456 quoniam
1390 2395 1487 2457 neque

345 2485 414 2547 coni
435 2484 580 2547 sectiones
599 2483 694 2564 facite
708 2487 751 2548 est
765 2485 801 2547 in
820 2485 917 2565 plano
937 2486 1110 2568 ctesipnare.
1152 2487 1368 2550 instrumentis
1383 2490 1486 2550 autom

343 2595 448 2675 ipsum
469 2595 505 2657 in
527 2595 736 2674 operationem
758 2595 939 2658 manualem
962 2599 990 2658 et
1011 2596 1203 2659 commodam
1226 2599 1393 2676 aptamque
1415 2615 1485 2658 con-

336 2704 545 2796 structionem
567 2703 756 2767 mirabiliter
771 2703 989 2783 traduuuunt,
1013 2705 1096 2785 quod
1115 2706 1219 2784 uidere
1241 2705 1309 2769 licet
1329 2706 1365 2769 in
1379 2724 1485 2768 eorum

344 2813 562 2891 columinibus,
585 2833 666 2894 quac
688 2813 961 2896 circumferuntur,
985 2819 1021 2878 ut
1040 2816 1076 2878 in
1090 2813 1310 2878 Eratosthenis
1324 2813 1484 2889 mesomio,
1523 2815 1526 2819 ’
1648 2799 1649 2808 ¹

343 2925 379 2986 in
403 2921 549 2987 Philonis
570 2920 751 2986 etHeronis
773 2923 960 2988 mechanicis
982 2928 1010 2989 et
1030 2924 1236 3005 catapultiais.
1274 2924 1308 2987 hi
1329 2924 1413 2986 enim
1434 2941 1485 2985 as-

343 3036 475 3097 serentes
500 3031 659 3113 problema
686 3031 822 3096 soiicium
849 3051 926 3115 csse,
958 3034 1058 3114 ipsius
1085 3034 1340 3096 constructionem
1367 3032 1484 3096 instru-

343 3142 455 3215 mentis
477 3145 598 3205 tantum
615 3141 822 3223 perfecerunt,
846 3147 1048 3225 coupruenter
1068 3141 1235 3224 Apollonio
1259 3139 1407 3234 Perpaeo,¹
1430 3141 1486 3221 qui

343 3256 371 3315 et
390 3245 607 3316 ¹resolutionem
630 3252 696 3315 cius
716 3252 789 3330 fecit
807 3271 864 3332 per
886 3254 956 3315 coni
970 3254 1133 3316 sectiones:
1156 3251 1215 3315 aiii
1230 3272 1291 3334 per
1312 3250 1392 3314 iocos
1412 3249 1485 3314 saii-

344 3363 398 3426 uos
419 3360 578 3425 Aristaei:
605 3360 711 3425 meiius
733 3365 837 3424 autem
853 3381 913 3442 per
936 3382 986 3439 ea,
1010 3381 1091 3442 puae
1109 3362 1238 3442 proprie
1253 3361 1357 3443 plano
1380 3358 1485 3441 appoi-

345 3472 460 3536 iuntur.
513 3475 547 3533 at
573 3468 755 3534 Nicomedes
784 3475 812 3535 et
838 3472 961 3535 ratione
987 3471 1069 3535 iilud
1093 3470 1166 3550 fecit
1187 3469 1387 3552 pertineam
1413 3485 1484 3533 con-

321 3579 494 3660 ¹choiciem,
518 3599 578 3660 per
605 3599 701 3660 quarn
728 3584 756 3644 et
777 3579 930 3662 onpuhrm
958 3581 1119 3661 tripartito
1139 3580 1254 3644 diuisit.
1299 3598 1485 3659 coponemus

343 3690 442 3772 ipitur
474 3693 619 3768 puathcor
650 3690 716 3752 eius
750 3689 988 3753 constructiones
1015 3709 1083 3752 una
1111 3710 1181 3753 curn
1210 3689 1349 3770 quadam
1376 3693 1486 3752 nostra

344 3799 537 3863 tractatione.
582 3817 719 3876 quarum
741 3798 853 3878 prima
880 3797 1005 3878 quidm
1026 3803 1070 3861 est
1090 3797 1324 3875 Eratosthenis,
1348 3797 1485 3862 secunda

344 3906 536 3984 Nicomedis,
565 3908 658 3970 tertio
680 3905 833 3986 Heroum,
862 3899 1000 3971 manime
1027 3909 1071 3972 aet
1094 3928 1249 3973 manuum
1275 3909 1487 3989 operationum

343 4002 576 4082 accommodata
602 4017 644 4081 iis
671 4017 726 4098 qui
754 4016 913 4081 architecti
940 4036 1002 4081 csse
1029 4017 1151 4100 uoinnt,
1177 4017 1291 4082 ultima
1313 4021 1417 4082 autern
1440 4021 1486 4080 cst

343 4148 364 4190 o
385 4125 474 4190 nohis
495 4127 631 4191 iumenta.
