3354 5076
329 287 371 354 42
795 286 1006 344 nessovmvs

330 477 406 542 que,
434 465 471 521 ut
495 455 660 542 Bergkius
687 437 814 539 censat,
843 453 1071 522 Eratosthenis
1103 453 1187 522 libro
1214 455 1384 536 utebatur,
1403 455 1473 520 'sed

329 573 454 634 neutro.
477 603 519 616 -

412 663 666 750 Demonstrasse
693 684 774 748 mihi
802 684 933 767 videor,
962 684 1072 750 verbis
1101 684 1243 750 Theonis
1271 682 1334 768 τήν
1362 684 1485 769 λύραν

329 793 531 878 ποιούμενος
552 791 809 878 ὀκτάχορδον
829 794 876 858 nil
899 795 1056 859 contineri
1070 795 1136 859 nisi
1156 793 1352 860 sententiam
1367 794 1470 860 Theo·

329 905 380 970 nis
413 927 509 992 quam
537 926 580 970 ex
607 903 734 969 duobus
762 903 912 970 versibus
935 903 978 967 fr.
1007 903 1112 972 XVII
1144 904 1207 968 sibi
1234 904 1470 970 informaverit.

328 1014 463 1080 Licetne
490 1015 585 1080 nobis
612 1009 697 1078 hanc
724 1012 976 1096 conclusionem,
1010 1034 1108 1100 quam
1135 1013 1278 1098 speciem
1306 1013 1470 1101 quandam

328 1124 569 1209 probabilitatis
591 1123 712 1188 babere
732 1129 798 1188 nori
819 1144 913 1208 nego,
935 1122 1118 1210 adoptare?
1154 1123 1229 1195 Non
1250 1121 1335 1190 lieet.
1380 1123 1472 1204 Quid

328 1235 416 1300 onim
444 1235 473 1299 si
496 1234 730 1301 Eratosthenes
757 1232 893 1297 eandem
921 1233 962 1298 de
983 1231 1197 1319 sphaerarum
1223 1242 1381 1300 concentu
1403 1233 1469 1319 opi·

328 1344 457 1410 aionem
484 1344 654 1430 protulerit
681 1364 779 1430 quam
812 1349 926 1428 postea
953 1365 973 1407 a
999 1342 1156 1407 Cicerone
1185 1342 1347 1429 prolatam
1379 1343 1469 1410 vide-

327 1453 421 1519 mus?
444 1464 515 1520 octo
531 1455 662 1542 quidem
677 1452 790 1517 mundi
805 1453 960 1537 sphaeras
974 1475 1046 1520 esse
1061 1474 1144 1539 quae
1162 1460 1387 1518 moverentur:
1411 1453 1468 1518 sed

328 1572 478 1651 septem
500 1573 626 1629 tantum
648 1585 743 1628 sonos
767 1561 837 1646 edi,
866 1563 945 1649 quia
971 1561 1125 1627 Mercurii
1154 1571 1187 1627 et
1209 1551 1347 1628 Veneris
1374 1563 1468 1628 moti-

327 1674 387 1739 bus
417 1672 506 1738 idem
532 1695 631 1745 sonus
654 1672 850 1737 efficeretur.
899 1673 952 1736 lta
979 1673 1066 1736 enim
1094 1671 1209 1736 Cicero
1237 1673 1349 1759 (quem
1372 1671 1469 1738 buius

327 1785 506 1849 sententiae
525 1785 731 1848 inventorem
753 1803 824 1848 esse
846 1803 940 1846 nemo
956 1780 1102 1868 profecto
1117 1781 1315 1867 opinabitur)
1339 1781 1381 1848 de
1399 1803 1468 1866 rep.

326 1893 377 1959 VI
403 1893 456 1958 18:
485 1894 534 1960 illi
561 1897 665 1957 aatera
694 1897 758 1956 oete
780 1911 907 1972 meas,
934 1893 978 1957 ia
1004 1892 1146 1974 qaibas
1172 1893 1305 1958 eadem
1330 1893 1389 1958 eis
1415 1896 1487 1974 est,

326 2005 503 2086 daorara,
530 2007 644 2086 septem
665 2001 806 2085 esrtoiaat
827 2002 987 2067 daaaaos
1008 2002 1183 2067 iateraallis
1203 2021 1308 2082 sonos,
1331 2002 1388 2084 qai
1408 2023 1468 2068 aa

325 2133 430 2180 aeras
450 2133 557 2178 reram
579 2113 720 2176 oaraiara
739 2112 805 2193 fere
826 2111 927 2176 aedas
947 2114 1006 2189 est,
1033 2112 1117 2192 qaod
1137 2112 1216 2177 docti
1236 2112 1377 2178 boariaes
1397 2131 1468 2178 aer·
1494 2139 1498 2146 ·

325 2225 373 2288 ais
405 2223 523 2288 imitati
549 2226 641 2303 atqae
669 2222 813 2287 enatibas
844 2225 1037 2304 aperaeraat
1065 2221 1127 2285 sibi
1154 2215 1290 2287 restam
1323 2221 1360 2288 ia
1386 2221 1469 2288 bane

326 2333 426 2398 lecara
447 2340 508 2395 etc.
547 2329 600 2395 Of.
623 2330 726 2394 Mser.
749 2331 783 2394 in
799 2329 909 2395 Somn.
932 2330 1020 2415 Scip.
1043 2330 1168 2416 114,9
1190 2335 1255 2396 ceto
1276 2335 1350 2398 saal
1370 2331 1469 2413 iyilar

326 2463 407 2525 qaae
427 2443 605 2521 aoeeatar,
633 2441 688 2506 sal
707 2445 820 2522 septem
840 2441 911 2505 soai
931 2445 1007 2505 saat
1027 2443 1083 2522 qai
1109 2427 1337 2508 repausatione
1358 2442 1396 2506 de
1415 2460 1467 2508 ao-

326 2551 478 2618 tabilitate
493 2551 661 2634 eoaffioiaat
674 2553 841 2632 propterea
855 2551 933 2631 qaia
947 2549 1155 2617 Mercurialis
1170 2555 1198 2618 et
1218 2550 1370 2618 Veneriae
1384 2550 1468 2618 orbis

321 2663 399 2745 pari
421 2660 540 2726 ambita
561 2660 700 2724 comitati
720 2659 814 2724 sotera
840 2661 911 2726 aiae
936 2667 1002 2724 etas
1029 2664 1193 2742 tamquam
1218 2660 1364 2726 satellites
1384 2658 1467 2723 ohse-

325 2775 467 2853 qaaatar
492 2774 521 2834 et
546 2771 615 2836 ideo
646 2793 666 2834 a
692 2769 854 2834 aoaaallis
880 2771 1091 2836 astronomiae
1117 2771 1311 2838 stadeatihas
1337 2770 1467 2836 eaadera

229 2891 238 2902 ’
324 2883 388 2946 aira
414 2881 523 2945 sortiri
549 2878 815 2962 eatstimaatar.¹)
865 2877 964 2958 Quod
996 2880 1025 2944 si
1053 2879 1167 2945 eodem
1194 2878 1292 2946 modo
1320 2878 1468 2944 narravit

325 2988 576 3068 Eratosthenes,
605 2988 782 3068 Mercurio,
813 2991 869 3075 qui
895 2990 930 3053 in
958 2990 1027 3054 eius
1054 2989 1196 3055 carmine
1223 2988 1467 3075 congruentiam

325 3100 409 3163 inter
431 3096 619 3161 caelestium
641 3097 853 3182 sphaerarum
880 3120 977 3163 sonos
1006 3107 1040 3164 et
1067 3099 1173 3185 lyram
1201 3121 1222 3164 a
1243 3121 1278 3164 se
1300 3100 1468 3166 inventam

324 3207 478 3290 miratur,
507 3228 572 3272 non
599 3206 803 3288 ootacbordi,
832 3205 890 3271 sed
917 3207 1133 3294 heptachordi
1161 3209 1384 3274 inventionem
1412 3207 1468 3272 tri·

325 3319 434 3382 buisse
456 3315 638 3381 censendus
661 3324 721 3382 est.
765 3318 817 3381 Ὰο
839 3316 936 3382 facile
958 3320 1031 3405 quis
1053 3318 1115 3383 hoc
1136 3317 1207 3383 veri
1235 3315 1372 3382 similius
1394 3337 1466 3384 esse

324 3415 497 3512 propterea
518 3427 700 3511 putaverit,
728 3426 806 3512 quia
834 3437 962 3494 constat
989 3428 1095 3514 lyram
1122 3435 1246 3515 septem
1272 3426 1395 3493 fidibus
1417 3426 1465 3490 in-

323 3544 479 3600 structam
508 3535 651 3619 antiquis
678 3536 879 3619 temporibus
906 3537 1079 3620 usitatam,
1108 3535 1326 3603 octachordon
1354 3543 1467 3623 postea

279 3705 282 3712 .
324 3645 454 3709 demum
486 3643 655 3708 inventum
694 3666 776 3709 esse.
832 3645 949 3732 Itaque
985 3647 1095 3732 aptius
1133 3656 1221 3713 certe
1254 3648 1336 3728 fuit,
1373 3645 1466 3732 lyrae

323 3753 479 3820 Mercurii
505 3762 630 3838 septem
657 3775 754 3840 quam
784 3765 857 3822 octo
879 3755 960 3822 fides
987 3757 1143 3824 tribuere.
1186 3759 1296 3844 Atque
1318 3756 1403 3824 hanc
1425 3754 1466 3820 ob

323 3884 457 3928 oausam
489 3870 585 3949 poeta
617 3861 731 3950 hymni
764 3862 932 3930 Homerici
954 3867 1112 3932 'narravit
1144 3863 1226 3932 ἑπτὰ
1258 3866 1295 3931 δὲ
1322 3866 1466 3951 συμφαί-

323 3995 405 4048 νους
439 3969 522 4036 ὀίων
555 3970 762 4038 ἐτανύσσατο
800 3972 923 4057 χορδάς
958 3974 1045 4060 (51),
1088 3974 1211 4061 aliique
1252 3999 1324 4042 eum
1362 3977 1466 4041 secuti

323 4146 525 4160 -q—-u—-w--n

287 4297 288 4302 ,
392 4242 418 4310 1)
436 4244 531 4298 Fuisse
548 4246 630 4296 etiam
646 4244 786 4309 videntur,
811 4247 857 4312 qui
875 4245 940 4310 soli¹
962 4246 1108 4309 Mercurio,
1130 4247 1231 4300 Veneri
1253 4262 1334 4297 unam
1356 4250 1464 4301 tantum

322 4327 417 4366 vocem
435 4313 607 4365 tribuerant·
631 4313 672 4364 cf.
692 4312 765 4368 Plut.
783 4314 814 4364 de
832 4330 876 4364 an.
896 4329 984 4382 proor.
1003 4331 1030 4380 p.
1050 4315 1116 4368 lete
1133 4313 1164 4366 B.
