3324 5074
684 343 846 396 ERIGONA
1013 419 1017 426 Ι
1276 344 1335 407 107

194 507 260 575 Sed
288 511 424 595 cogitari
453 509 552 575 etiarn
580 519 704 596 potest,
738 526 758 574 σ
785 509 927 575 litteram
959 534 1024 577 non
1051 532 1184 596 prorsus
1214 519 1335 576 temere

194 641 265 685 esse
286 618 439 685 inlatam:
467 619 549 684 haec
575 614 727 684 Bursiani
755 621 917 685 sententia
944 629 994 685 est
1022 622 1077 706 qui
1101 619 1217 704 πέριξ
1240 618 1336 701 τρά-

193 752 266 812 γον
288 727 496 795 scribendum
519 750 590 794 esse
609 738 729 794 censet.
1209 810 1213 813 γ

279 840 332 904 Ad
361 837 538 924 Erigonam
567 837 695 904 rettulit
721 861 854 906 versum
876 839 1117 906 Valckenarius
1144 841 1270 926 (opusc.
1300 840 1335 905 11

193 972 225 1035 p.
241 949 308 1033 69),
329 949 441 1035 ibique
462 951 535 1035 ipsa
550 949 651 1014 verba
666 971 758 1013 suam
773 949 836 1014 sibi
851 949 961 1014 sedern
976 948 1137 1034 flagitant.
1170 949 1334 1033 Bergkius

193 1057 409 1142 fragmentum
424 1058 586 1123 Mercurio
608 1057 798 1142 adsignavit
806 1059 843 1140 ¹),
866 1080 994 1124 carmon
1010 1057 1091 1123 illud
1106 1058 1217 1124 omnia
1231 1067 1333 1123 astro-

192 1170 320 1234 nomica
346 1167 633 1255 mythologumena
660 1166 866 1253 complexum
899 1189 970 1232 esse
1005 1189 1076 1232 mea
1103 1163 1234 1253 quidem
1262 1190 1332 1232 sen·

191 1279 294 1342 tentia
315 1276 400 1343 falso
423 1279 610 1343 arbitratus.
655 1277 696 1341 V.
720 1300 751 1363 p.
774 1279 902 1363 crs-sqq.

277 1389 312 1452 Si
341 1387 494 1473 Hyginus
521 1407 652 1452 versum
680 1395 765 1451 recte
793 1388 1025 1474 interpretatus
1056 1397 1121 1471 est,
1150 1390 1333 1454 necessario

191 1497 410 1578 statuendum,
432 1496 651 1562 narrationem
667 1497 708 1562 ab
725 1495 942 1562 Eratosthene
958 1497 1005 1560 ita
1018 1481 1202 1562 institutam
1221 1497 1333 1578 fuisse,

192 1615 228 1671 ut
260 1629 404 1692 paganos
437 1606 578 1692 primum
612 1604 660 1690 (id
693 1606 779 1692 quod
811 1606 1002 1672 hexameter
1032 1606 1194 1693 perhibet)
1227 1609 1334 1673 eirca

191 1725 312 1797 utrem,
342 1726 410 1781 tum
438 1725 548 1781 autem
577 1737 697 1800 supra
726 1727 832 1781 utrem
855 1714 991 1781 saltasse
1018 1717 1171 1783 referret:
1200 1739 1276 1781 nam
1299 1717 1333 1781 id

157 1859 160 1866 ·
190 1827 296 1913 ipsum
320 1826 405 1913 quod
427 1824 529 1890 altero
551 1825 622 1890 loco
644 1826 739 1912 posui
761 1819 927 1891 efficiebat
948 1823 1061 1912 ludum
1082 1825 1174 1890 illum
1189 1825 1334 1891 Ascolio-
1409 1841 1411 1846 '

190 1934 308 2020 rrrm²)‚
333 1946 433 2022 atque
454 1935 489 1999 id
512 1934 617 2028 solum
637 1944 906 2001 commemoratur
927 1935 969 2000 ab
992 1937 1143 2001 omnibus
1166 1937 1222 2023 qui
1244 1959 1332 2000 men-

190 2046 311 2109 tionem
333 2046 401 2110 eius
424 2045 593 2130 faciunt.³)
637 2045 682 2110 Et
709 2046 756 2110 sic
782 2053 909 2111 tantum
937 2043 1171 2130 intellegimus,
1200 2069 1265 2133 qua
1292 2046 1333 2109 de

191 2176 291 2220 causa
311 2165 416 2220 utrem
444 2164 565 2222 vento
594 2153 753 2241 plenum
781 2155 1116 2240 praeligaverint.
1129 2155 1155 2239 ⁴)

274 2263 506 2329 Verumtamen
529 2272 604 2329 sunt
625 2263 785 2349 quaedam
808 2263 983 2350 quaemihi
998 2264 1166 2351 scrupulos
1184 2266 1331 2330 iniciant.

190 2375 334 2439 Primum
358 2373 442 2453 enim
464 2375 529 2439 ista
550 2371 681 2439 saltatio
703 2373 790 2437 circa
804 2382 911 2439 utrem
931 2397 996 2439 non
1011 2374 1239 2440 bacchantium
1263 2397 1333 2441 esse

122 2564 126 2572 ,
190 2483 356 2549 hominum
379 2483 458 2547 mihi
487 2484 618 2548 videtur
645 2482 703 2547 sed
729 2485 971 2549 insanientium.
1017 2484 1146 2550 Deinde
1175 2507 1342 2550 summam·

173 2621 175 2626 ’
190 2593 393 2658 mirationem
409 2604 529 2676 movet,
553 2595 639 2681 quod
655 2592 743 2680 apud
758 2594 928 2680 Hyginum
950 2594 985 2658 id
1002 2595 1229 2660 tantummodo
1245 2618 1331 2661 com-

189 2714 386 2768 memoratur
403 2702 502 2789 ·quod
528 2703 616 2788 apud
644 2703 913 2785 Eratosthenem,
941 2704 969 2768 si
991 2726 1027 2769 re
1049 2725 1128 2769 vera
1148 2707 1235 2791 apud
1259 2727 1332 2770 eum

189 2813 397 2894 occurrebat,
420 2792 545 2876 ¹nullius
575 2823 662 2876 certe
682 2812 754 2894 ‚fuit
783 2810 953 2892 momenti,
986 2821 1113 2878 tacetur
1144 2813 1226 2880 illud
1252 2814 1330 2879 alte-

189 2944 276 2995 rum,
305 2923 338 2985 in
365 2943 427 3008 quo
456 2923 559 2986 omnis
587 2921 791 3004 Ascoliorum
822 2922 1135 2988 iocusversabatur.
1179 2923 1332 3011 Denique

189 3055 267 3098 vero
297 3030 463 3116 singulare
485 3041 549 3112 est,
577 3030 664 3119 quod
686 3031 920 3097 Eratosthenes
947 3041 1052 3096 utrem
1079 3055 1121 3099 ex
1143 3033 1225 3098 hirci
1248 3034 1332 3121 pelle

189 3143 313 3207 factum
334 3139 474 3227 simplici
496 3163 576 3207 voce
598 3141 720 3226 τράγος
741 3142 913 3226 significat.
952 3141 1067 3229 Itaque
1091 3145 1239 3229 suspicor
1261 3144 1331 3230 Hy-

188 3254 257 3336 gini
284 3252 503 3316 narrationem
537 3274 578 3315 cx
605 3251 700 3336 gravi
728 3273 837 3317 errore
865 3273 936 3316 esse
964 3262 1079 3318 ortam.
1124 3251 1197 3316 Nisi
1225 3252 1331 3336 fallor,

189 3361 343 3447 Hyginus
372 3358 426 3425 vel
453 3360 560 3445 potius
594 3370 830 3426 commentator
856 3363 997 3426 Aratcus
1029 3383 1124 3449 quem
1157 3362 1332 3450 exscripsit

189 3469 416 3535 Eratosthenis
438 3470 634 3535 versiculum
656 3492 722 3535 non
744 3480 832 3536 recte
859 3469 1033 3536 intellexit.
1077 3471 1164 3537 Nota
1186 3473 1216 3536 ei
1239 3482 1332 3537 erant
1404 3473 1409 3480 '

258 3742 283 3806 1)
301 3742 405 3794 Ztscbr.
428 3744 448 3794 l.
470 3743 495 3794 d.
517 3744 584 3798 Aw.
609 3745 671 3794 1841
697 3760 722 3810 p.
744 3744 785 3794 87.
813 3744 886 3795 anal.
907 3744 983 3795 Alex.
1007 3745 1034 3796 11
1063 3761 1088 3810 p.
1107 3747 1131 3795 9.
1237 3745 1264 3808 2)
1288 3747 1329 3796 Dc

189 3810 307 3862 Asculiis
324 3828 350 3860 v.
368 3811 508 3862 Fritzsche
527 3817 669 3862 comment.
687 3812 720 3863 de
737 3811 808 3866 Len.
827 3812 883 3863 Art.
901 3816 983 3862 mant.
1006 3829 1033 3876 p.
1053 3812 1140 3876 8s'qq.
1168 3812 1238 3862 Iabn
1256 3813 1330 3862 arch.

189 3877 250 3942 Ztg.
269 3879 334 3928 1841
353 3893 379 3942 p.
400 3880 448 3929 129
461 3893 519 3944 sqq.
613 3884 640 3942 3)
659 3879 739 3930 Haud
756 3878 829 3929 aliud
848 3879 963 3943 Vergilii
981 3880 1071 3928 animo
1090 3881 1252 3931 obversatur
1270 3896 1330 3930 cum

115 3955 118 3962 ·
189 3944 255 3995 dicit
273 3943 381 4009 (Georg.
399 3945 509 4010 11384)¹
1211 3965 1215 3972 ’

694 4049 777 4112 arque
794 4039 984 4112 interpositio
1001 4043 1067 4096 loeti
1119 4101 1122 4108 ,

341 4109 468 4164 mollibus
485 4112 517 4165 io
530 4113 624 4186 pratis
640 4117 739 4166 aanor
755 4111 863 4166 saluere
875 4126 928 4179 per
944 4115 1027 4164 atres.

190 4233 259 4283 Nam
281 4248 313 4282 ex
332 4247 377 4294 eo,
401 4231 473 4296 qnod
494 4239 570 4283 utres
588 4237 685 4283 unctos
703 4231 788 4283 fuisse
811 4231 916 4297 prodit,
934 4236 1048 4296 apparet
1070 4245 1131 4281 eum
1154 4247 1214 4282 cum
1237 4235 1331 4284 ceteris

192 4315 350 4366 congruere.
418 4297 446 4362 4)
466 4299 540 4350 Idem
558 4301 670 4350 retertur
687 4300 716 4348 in
734 4299 820 4351 schol.
837 4299 883 4348 Ar.
895 4299 961 4349 Aah.
975 4301 1048 4352 1002.
1073 4298 1329 4355 schol.Plut.1129.
1406 4343 1409 4347 .

189 4368 258 4418 Poll.
276 4367 316 4418 IX
336 4370 392 4419 121.
419 4367 498 4422 Euat.
517 4367 550 4418 ad
568 4367 615 4418 Od.
636 4383 660 4433 p.
680 4368 754 4431 1646,
774 4370 814 4418 21.
