3324 5074
341 367 401 432 132
652 367 827 417 urrsrvua
845 366 895 415 no
913 366 1165 417 Prouuuhuvu

339 533 465 616 αὐτοῖς,
489 532 534 612 aig
556 533 620 618 άρα
643 529 684 596 οῦ
707 535 890 598 διπλασίου
910 534 1029 616 βωμοῦ
1055 529 1176 607 δθεδς
1198 533 1356 615 δεόμενος
1380 535 1480 596 τοῦτο

339 647 479 729 Δηλίοις
501 640 741 728 ἐμαντεύσατο,
769 640 952 726 προφέρων
974 643 1011 707 δὲ
1035 640 1090 705 καί
1119 639 1292 719 ὀνειδίζων
1319 639 1479 718 τοίςἜλ-

340 758 440 837 λησιν
466 752 628 838 ἀμελοῦσι
656 749 866 835 μαθημάτων
893 749 949 815 καλ
977 755 1180 835 γεωμετρίας
1213 748 1478 836 ω’λιγωρηκόσιν.

308 863 460 928 ‚Sensus
490 861 586 926 huius
618 858 882 925 narratiunculae
908 862 942 924 in
975 870 1090 947 aperto
1117 870 1179 926 est:
1214 862 1360 927 continet
1393 861 1479 925 enim

339 971 419 1036 nihil
440 971 530 1037 aliud
551 972 615 1036 nisi
637 969 841 1056 ignorantiae
862 991 970 1033 rerum
986 969 1290 1035 mathematicarum
1305 993 1389 1058 quae
1411 979 1482 1036 erat

339 1080 396 1145 illo
419 1079 547 1145 saeculo
570 1079 811 1144 cavillationem
828 1078 1113 1166 simplicissimam.
1152 1079 1225 1144 Hac
1245 1079 1481 1166 significatione

339 1191 373 1252 in
396 1187 622 1254 Eratosthenis
646 1189 813 1254 Platonico
836 1186 983 1254 fabulam
1004 1187 1141 1253 relatam
1163 1211 1269 1276 neque
1291 1187 1392 1252 ullum
1415 1210 1481 1251 mo-

339 1308 483 1363 mentum
506 1298 548 1361 ad
571 1299 676 1384 ipsum
700 1297 867 1384 problema
890 1297 1123 1364 solvendum
1145 1299 1176 1362 ei
1197 1298 1357 1362 tributum
1379 1299 1481 1362 fuisse

340 1406 427 1473 clare
449 1407 626 1472 ostendunt
648 1407 751 1472 verba
778 1405 823 1482 ὠς
851 1405 916 1490 ἄρα
944 1404 987 1471 ori
1014 1407 1196 1491 διπλασίου
1217 1409 1334 1492 βωμοῦ
1363 1405 1482 1488 δθεός

340 1519 500 1602 δεόμενος
521 1520 592 1580 κτλ.
642 1517 756 1604 Neque
782 1518 877 1582 aliter
904 1516 1099 1581 Plutarchus
1127 1538 1195 1581 rem
1222 1526 1333 1581 narrat
1360 1517 1414 1599 (de
1436 1522 1485 1582 EI

338 1627 425 1716 apud
442 1624 589 1714 Delphos
607 1650 639 1712 p.
655 1627 747 1710 386):
775 1629 824 1691 ἔτι
847 1623 880 1690 δ’
904 1621 1017 1708 οἵσπερ
1034 1627 1180 1691 Πλάτων
1203 1629 1308 1709 ἔλεγε,
1331 1636 1482 1711 χρησμοῦ

340 1737 501 1812 δοθέντος
522 1732 614 1811 ὅπως
640 1733 700 1800 τδυ
724 1735 762 1800 έν
789 1736 892 1820 Δήλῳ
919 1734 1036 1820 βωμδν
1064 1735 1349 1819 διπλασιάσωσιν,
1379 1734 1399 1800 δ
1426 1740 1483 1820 τῆς

340 1842 444 1931 ὀκρας
465 1844 563 1923 ἕξεως
584 1843 662 1930 περὶ
689 1848 893 1929 γεωμετρίαν
917 1845 1026 1925 ἐστίν,
1056 1842 1103 1909 οῦ
1125 1849 1246 1910 τοῦτο
1275 1845 1482 1930 προστάτ-

339 1979 427 2021 τειν
453 1952 525 2020 τὸν
551 1955 668 2039 θεόν,
703 1952 788 2020 άλλά
817 1953 1102 2038 καίςγεωμετρεῑν
1130 1954 1388 2021 διακελεύεσθαι
1415 1967 1483 2031 τοῖς

331 2063 501 2148 Ἕλλησιν.
557 2065 733 2152 Perspicue
768 2064 966 2128 Plutarchus
1001 2064 1063 2129 hcc
1098 2065 1205 2152 ipsum
1243 2075 1481 2147 commemorat,

340 2175 437 2240 deum
459 2174 550 2241 aliud
572 2172 725 2255 voluisse,
752 2173 843 2238 aliud
865 2175 976 2240 verbis
1000 2175 1213 2259 expressisse.
1257 2175 1297 2238 In
1319 2173 1384 2240 alio
1406 2198 1482 2262 quo-

339 2307 402 2373 que
424 2285 508 2350 libro
532 2285 670 2348 eandem
691 2285 911 2351 narrationem
933 2282 1127 2349 Plutarchus
1156 2285 1281 2371 profert
1309 2285 1366 2370 (de
1387 2287 1483 2372 genio

341 2396 430 2461 Socr.
454 2418 486 2482 p.
501 2395 588 2476 579),
612 2403 806 2459 exornatam
829 2417 906 2459 sane
929 2415 1033 2481 nequa
1055 2395 1102 2458 ita
1124 2396 1215 2459 utin
1238 2395 1376 2480 singulis
1400 2396 1482 2459 veri·

340 2505 417 2569 tatis
441 2504 583 2590 speciem
605 2502 749 2568 adfectet
776 2504 906 2586 (tribuit
928 2525 998 2568 eam
1022 2503 1175 2568 Simmiae
1198 2526 1270 2568 cum
1285 2503 1420 2570 Platone
1442 2527 1482 2568 ex

340 2616 495 2700 Aegypto
518 2613 728 2696 revertenti),
752 2611 810 2676 sed
834 2613 947 2677 eadem
970 2613 1225 2698 significatione:
1259 2616 1484 2699 κομιζομένοις

340 2721 421 2808 ἡμῖν
443 2718 501 2787 ἀπ’
531 2721 710 2804 Αίγύπτου
737 2720 814 2805 περὶ
837 2725 969 2806 Καρίαν
991 2725 1130 2806 Δηλίων
1158 2722 1247 2798 τινὲς
1274 2713 1482 2820 ἀπήντησαν,

341 2833 496 2918 δεόμενοι
524 2831 707 2908 Πλάτωνος
736 2829 782 2908 ως
809 2836 1035 2914 γεωμετρικοῦ
1065 2835 1166 2897 λῦσαι
1193 2831 1344 2917 χρησμδν
1371 2831 1485 2910 αὐτοῖς

341 2939 468 3006 άτοπον
489 2935 557 3005 ῦπδ
579 2945 639 3004 τοῦ
667 2939 753 3005 θεοῦ
774 2940 1059 3024 προβεβλημένον.
1103 2931 1148 3024 ἦν
1177 2941 1214 3006 δὲ
1242 2940 1389 3027 χρησμός
1409 2950 1484 3027 Δη-

342 3055 427 3126 λίοις
449 3051 505 3114 καί
529 3061 596 3126 τοῖς
618 3046 732 3125 ἅλλοις
746 3047 882 3133 Ἕλλησι
905 3031 1041 3114 παῦλαν
1070 3053 1138 3116 τοῖν
1167 3043 1347 3135 παρόντων
1370 3056 1485 3117 κακοῦν

343 3163 480 3226 ἔσεσθαι
508 3157 747 3224 διπλασιάσασι
781 3156 841 3224 τδν
876 3160 914 3224 έν
942 3158 1045 3246 Δήλῳ
1075 3158 1202 3244 βωμόν.
1252 3153 1331 3226 οῦτε
1358 3161 1396 3228 δὲ
1422 3163 1485 3247 τὴν

341 3269 497 3334 διάνοιαν
526 3270 650 3335 ἐκείνοι
678 3267 887 3353 συμβάλλειν
918 3269 1103 3355 δυνάμενοι
1137 3267 1192 3333 καί
1226 3270 1302 3354 περὶ
1334 3269 1398 3355 την
1424 3277 1484 3337 τοῦ

340 3381 460 3463 βωμοῦ
480 3379 692 3465 κατασκευὴν.
714 3383 829 3462 γελοῖα
851 3379 1038 3462 πάσχοντες
1060 3379 1214 3466 (ἑκάστης
1236 3377 1299 3464 γάρ
1322 3384 1390 3446 τῦυ
1410 3399 1484 3448 τεσ-

342 3488 458 3573 σάρων
486 3495 645 3573 πλευρῶν
675 3489 972 3572 διπλασιαζομένης
1000 3491 1126 3554 ἔλαθον
1153 3492 1194 3576 τῇ
1222 3487 1358 3575 αὐξήσει
1380 3490 1485 3556 τόπον

342 3595 480 3680 στερεόν
506 3593 733 3663 ὀκταπλάσιον
759 3595 1029 3683 άπεργασάμενοι
1051 3596 1096 3664 δι’
1121 3595 1277 3681 άπειρίαν
1304 3597 1486 3684 άυαλογίας

341 3705 364 3791 ἢ
384 3710 431 3792 τῷ
451 3705 550 3792 μήκει
572 3704 750 3771 διπλάσιον
765 3709 956 3794 παρέχεται)
979 3711 1151 3774 Πλάτωνα
1173 3713 1232 3793 τῆς
1246 3685 1484 3792 άπορίάςέπε-

343 3820 509 3908 καλοῦντο
531 3815 678 3900 βοηθόν·
705 3813 723 3882 δ
745 3817 781 3881 δὲ
804 3822 866 3882 τοῦ
888 3817 1078 3902 Αἰγυπτίου
1099 3820 1262 3904 μνησθείς
1284 3824 1485 3904 προσπαί-

331 3928 426 4002 1ζειν
463 3927 526 4009 ἔφη
560 3922 619 3991 τδν
652 3923 737 3991 θεὸν
758 3923 934 4011 Ἕλλησιν,
972 3924 1177 4013 ὀλιγωροῦσι
1206 3930 1374 4014 παιδείας,
1412 3922 1485 3996 οίον

344 4034 568 4119 ἐφυβρίζοντα
596 4033 659 4119 την
686 4033 837 4122 άμαθίαν
864 4035 959 4122 ἡμῶν
987 4036 1043 4102 καὶ
1073 4037 1256 4104 κελεύοντα
1283 4043 1487 4126 γεωμετρίας

283 4137 286 4142 ’
343 4142 512 4210 άπτεσθαι
532 4144 577 4230 μὴ
600 4146 791 4230 παρέργως·
815 4141 854 4210 οό
871 4147 935 4232 γάρ
958 4171 1009 4212 τοι
1025 4151 1160 4231 φαῦλον
1175 4146 1249 4214 οόδ’
1275 4147 1387 4233 άμβλῦ
1410 4151 1487 4216 δια-

343 4257 438 4330 νοιάς
459 4250 600 4338 ὁρώσης,
623 4253 737 4341 ὀίκρως
758 4254 795 4320 δέ
818 4257 877 4332 τάς
897 4255 1051 4341 γραμμάς
1065 4255 1255 4343 η’σκημένης
1277 4261 1376 4342 ἔργον
1399 4257 1488 4325 εἶναι

343 4364 400 4428 καὶ
435 4365 534 4428 δυοῖν
566 4365 678 4448 μέσων
711 4362 880 4449 ἀνάλογον
914 4368 1032 4465 λῆψιν·
1064 4357 1087 4452 ᾖ
1114 4368 1201 4453 μόνη
1236 4369 1489 4451 διπλασιάζεται
