3324 5074
311 293 353 362 82
781 298 983 352 ANTERINYS

310 466 373 552 την
401 463 554 550 άδελφὴν
583 463 697 536 αὐτῶν
723 466 895 550 μοιχεύειν
922 465 983 531 τὸν
1007 465 1165 532 Ἡσίοδον
1194 465 1454 543 ἀποκτείναντες

311 578 358 653 είς
379 573 416 640 ed
437 573 561 658 μεταξὺ
588 579 646 660 τῆς
667 572 815 660 Εὐβοίας
841 575 898 640 καὶ
925 577 983 660 τῆς
1008 578 1175 662 Λοκρίδος
1202 578 1345 657 πέλαγος
1373 600 1451 641 κατ-

310 681 500 750 επόντισαν.
545 690 606 749 τοῦ
628 687 666 749 δὲ
689 686 814 768 νεκροῦ
834 689 986 771 τριταίου
1008 684 1092 768 πρὸς
1113 687 1176 770 την
1197 693 1262 770 γῆν
1283 683 1351 750 ὑπὸ
1374 687 1453 750 δελ-

310 799 422 879 φίνων
444 794 744 878 προσενεχθέντος,
773 793 890 879 ἑορτῆς
911 818 1002 872 τινος
1025 795 1316 880 ἐπιχωρίονπαρ’
1340 792 1454 872 αὐτοῖς
1496 879 1507 886 ᾖ

309 904 413 989 οὔσης
432 904 645 987 Ἀριαδνείας,
670 904 793 980 πάντες
816 904 871 970 ἐπὶ
892 902 953 970 τδν
975 906 1130 987 αἰγιαλὸν
1152 907 1310 988 ἔδραμον,
1336 905 1392 970 καλ
1413 902 1452 969 τὰ

310 1018 405 1099 σῶμα
426 1016 653 1097 γνωρίσαντες
676 1012 786 1077 έκεῖνο
808 1013 871 1097 μέν
893 1016 1125 1098 πενθήσαντες
1146 1016 1292 1097 ἔθαψαν,
1314 1011 1393 1090 τούς
1415 1014 1453 1078 δὲ

309 1135 427 1208 φονεῖς
448 1123 638 1207 ἀνεζήτουν,
676 1122 711 1185 οί
728 1123 766 1192 δὲ
782 1123 992 1205 φοβηθέντες
1012 1121 1076 1207 τήν
1098 1127 1167 1188 coir
1182 1126 1330 1188 πολιτῶν
1351 1120 1453 1208 ὀργὴν

308 1235 582 1308 κατασπάσαντες
610 1230 803 1297 άλιεντικδν
832 1234 962 1316 σκάφος
989 1233 1192 1298 διέπλευσαν
1221 1234 1268 1308 είς
1301 1233 1449 1316 Κρήτην.

308 1342 369 1420 οδς
391 1341 475 1407 κατά
497 1343 601 1425 μέσον
622 1339 681 1405 τὸν
704 1344 813 1405 πλοῦν
842 1337 860 1404 ὁ
881 1338 966 1417 Ζεὺς
993 1342 1212 1427 κεραυνώσας
1237 1343 1451 1408 κατεπόντω-

210 1462 218 1474 ’
308 1471 378 1538 σεν,
402 1451 447 1529 δίς
468 1470 574 1536 φησιν
592 1448 790 1535 Ἀλκιδάμας
813 1451 853 1515 ἐν
873 1454 1044 1539 Μονσείφ.
1056 1455 1080 1538 ¹)

389 1561 681 1649 Ἐρατοσθένης
704 1561 743 1625 δέ
763 1577 868 1644 φησιν
891 1559 929 1625 έν
952 1561 1108 1646 ένηπόδω
1129 1561 1299 1648 (ἐνἠπόδςο
1314 1562 1449 1648 Stepha-

306 1675 383 1758 nus)
400 1675 569 1756 Κτίμενον
591 1668 648 1734 καὶ
661 1668 825 1753 ’Ἀντιφον
846 1664 925 1764 τοὺς
947 1673 1214 1756 Γανύκτορος
1238 1671 1293 1736 ἐπὶ
1308 1676 1349 1755 τῇ
1365 1693 1450 1757 προ-

308 1781 465 1867 ειρημένη
489 1781 586 1874 arara·
606 1778 790 1853 άνελόντας
817 1783 1072 1864 σφαγιασθηναι
1098 1787 1193 1856 θεοῖς
1215 1779 1367 1862 ξενίοιςῖ)
1391 1776 1450 1844 ὑπ’

309 1889 526 1976 Εὐρυκλέους
548 1892 609 1953 τοῦ
629 1891 788 1972 μάντεως.
832 1886 893 1972 τὴν
915 1890 1029 1972 μέντοι
1051 1889 1240 1972 παρθένον,
1266 1886 1328 1973 τὴν
1350 1886 1450 1952 α’δελ-

307 1999 378 2085 φην
400 2004 468 2064 τοῖν
491 1997 756 2083 προειρημένων,
778 1996 860 2082 μετά
882 1996 945 2080 τἠν
960 1997 1098 2084 φθοράν
1112 1998 1235 2081 ἑαυτην
1251 1995 1448 2083 άναρτησαι,

308 2114 484 2195 φθαρῆναι
507 2107 539 2172 δ’
561 2103 628 2171 ὑπό
650 2130 740 2184 τινος
762 2108 861 2185 ξένου
884 2108 1033 2172 συνόδου
1055 2114 1117 2173 τοῦ
1134 2107 1305 2189 Ἡσιόδου,
1328 2108 1449 2192 Δημώ-

307 2221 388 2295 δους
416 2217 522 2302 ὄνομα
530 2267 540 2300 ,
569 2216 610 2282 ὃν
637 2219 693 2282 καὶ
721 2214 825 2282 αὐτὸν
855 2215 1078 2302 ἀναιρεθῆναι
1106 2215 1173 2282 ὑπὸ
1201 2221 1269 2282 τῶν
1297 2215 1410 2282 αὐτῶν
1422 2219 1448 2302 ³)

307 2344 422 2412 φησιν.

391 2437 491 2517 Quod
512 2445 626 2502 auctor
648 2437 843 2501 Certaminis
867 2438 1117 2502 Eratosthenem
1145 2446 1262 2501 testem
1290 2437 1448 2501 adhibens

307 2570 372 2612 non
394 2546 549 2620 Γάννκος
571 2546 686 2611 scribit
715 2545 764 2629 (id
788 2548 871 2633 quod
896 2555 1029 2633 propter
1057 2546 1097 2610 fr.
1120 2547 1190 2610 XX
1212 2545 1308 2611 facile
1331 2546 1448 2632 aliquis

274 2705 275 2714 ι
306 2657 506 2743 exspectet),
535 2637 601 2719 aut*
619 2677 691 2719 cum
715 2656 858 2740 Bergkio
881 2657 928 2720 ita
950 2656 1108 2742 explicari
1131 2665 1255 2742 potest,
1279 2666 1314 2721 ut
1337 2657 1448 2720 existi·

227 2770 232 2775 “
305 2789 429 2831 memus
451 2767 699 2852 grammaticum
721 2767 770 2830 uti
784 2765 914 2851 vulgari
936 2767 1076 2849 nomine,
1099 2788 1162 2852 quo
1183 2769 1345 2830 hominem
1360 2767 1449 2852 apud

306 2875 569 2940 Alcidamantem
591 2877 703 2940 vocari
725 2897 823 2963 supra
845 2875 1091 2960 significaverit,
1115 2886 1172 2940 aut
1193 2877 1251 2958 ita,
1274 2886 1311 2941 ut
1332 2875 1448 2942 Erato·

306 2985 451 3048 sthenem
473 2985 569 3049 metri
591 2987 715 3050 ratione
736 2985 850 3049 habita
871 2987 967 3050 modo
988 3009 1087 3050 unum
1115 2985 1210 3050 modo
1233 2985 1371 3051 alterum
1392 3009 1448 3051 no-

306 3115 381 3156 men
402 3095 551 3180 posuisse
572 3094 776 3158 arbitremur.
855 3099 859 3106 '

390 3203 623 3287 Bernhardyus
656 3201 742 3265 hunc
775 3202 969 3268 Certamini's
1007 3205 1113 3269 locum
1146 3205 1189 3269 ad
1221 3205 1448 3271 Eratosthenis

306 3309 597 3400 chronographiam
619 3313 782 3398 pertinere
804 3313 1054 3401 corruptamque
1077 3317 1269 3402 scripturam
1293 3309 1448 3399 ένηπόδω

306 3443 348 3484 ex
370 3423 608 3505 significatione
630 3423 787 3508 temporis
817 3423 855 3487 έν
884 3422 1008 3508 έννάτη
1027 3424 1224 3508 Ὀλυμπιάδι
1251 3433 1354 3488 ortam
1370 3446 1447 3488 esse

302 3531 492 3594 arbitratur.
538 3529 603 3595 Sed
624 3532 689 3594 iam
712 3531 855 3595 vidimus
878 3535 1097 3598 narrationem
1124 3535 1164 3597 de
1186 3533 1324 3596 Hesiodi
1346 3544 1448 3598 morte

305 3640 414 3724 potius
436 3639 478 3702 ad
501 3661 659 3702 carmen
681 3638 813 3724 aliquod
829 3642 1112 3705 Eratosthenicum
1134 3640 1352 3706 revocandam
1367 3665 1446 3710 esse.

306 3748 381 3813 Non
403 3749 509 3812 minus
536 3748 691 3812 audacter
714 3748 849 3813 Carolus
877 3749 1049 3831 Miillerus,
1078 3750 1119 3814 de
1148 3751 1228 3816 loci
1255 3773 1446 3818 commemo·

375 3977 519 4040 1)'Eadem
541 3977 597 4028 tere
620 3983 764 4029 narrantur
786 3993 803 4027 a
820 3979 917 4030 Taetze
938 3981 968 4030 in
989 3981 1048 4031 vita
1064 3981 1130 4036 Hes.
1148 3983 1164 4030 4
1187 3987 1214 4030 et
1237 3982 1266 4030 in
1287 3983 1390 4048 proleg.
1413 3985 1447 4034 ad

307 4045 411 4096 scholia
429 4061 455 4110 p.
475 4049 507 4096 16
526 4045 611 4096 Gatsf.
631 4047 681 4107 (ed.
701 4048 773 4102 On).
810 4047 850 4096 Of.
874 4048 1017 4100 Nietzsche
1041 4049 1138 4100 Rhein.
1155 4049 1226 4100 Mus.
1243 4049 1320 4100 XXV
1345 4067 1369 4114 p.
1388 4055 1446 4102 529.

374 4111 401 4176 2)
419 4113 541 4177 θεσμοῖς
554 4111 659 4184 ξενίοις
673 4113 802 4178 Stephani
814 4114 908 4167 editio,
932 4117 1053 4182 θεσμοῖς
1065 4119 1127 4175 τοῖς
1141 4114 1245 4180 ξενίοις
1257 4117 1446 4184 Bernhardyus

305 4195 332 4244 p.
350 4182 408 4229 241.
443 4179 526 4239 θεοῖς
546 4184 607 4238 τοῖς
627 4181 733 4243 ξενίοις
750 4181 930 4234 Nietzschius.
1031 4187 1057 4246 3)
1081 4184 1236 4234 Ctimenum
1253 4190 1280 4234 et
1299 4185 1447 4249 Antiphum

306 4247 385 4295 dicit:
405 4247 438 4295 cf.
458 4247 530 4296 Plut.
549 4247 633 4300 eonv.
653 4255 755 4314 septem
774 4266 830 4314 sap.
849 4267 874 4316 p.
894 4253 951 4300 162.
981 4243 1038 4302 ὑπὸ
1056 4250 1113 4302 τῶν
1132 4245 1224 4302 άστῶν
1242 4266 1298 4300 non
1315 4257 1391 4303 recte
1411 4253 1446 4317 ej.

219 4342 223 4347 -
305 4303 506 4380 Bernhardyus.
