3324 5074
702 387 914 440 nnacvrnvs
1340 388 1380 452 67

323 558 479 622 Attamen
506 557 585 619 cum'
612 554 808 622 caelestia
840 556 1001 641 quaedam
1030 555 1063 618 in
1091 566 1240 641 poemate
1270 565 1380 621 nostro

240 665 396 752 explicita
417 665 520 730 fuisse
544 686 620 729 sane
642 673 778 746 constet,
802 663 1033 750 Bernhardyus
1056 665 1117 728 etsi
1139 687 1202 728 non
1219 675 1381 730 certorum

182 847 188 856 ¹
238 776 432 839 indiciorum
456 775 579 840 auxilio
609 783 717 837 tamen
738 795 812 838 cum
841 773 950 858 specie
973 773 1112 860 quadam
1140 774 1381 860 probabilitatis

240 884 425 970 disputasse
453 882 634 948 censendus
663 894 808 948 esset-
835 883 862 945 si
890 882 1014 946 nullum
1044 883 1131 949 aliud
1161 907 1241 970 opus
1264 885 1379 950 Erato·

240 993 420 1058 sthenicum
444 993 624 1058 exstitisset
646 1014 709 1079 quo
731 990 885 1078 reliquias
910 992 950 1056 de
965 992 1263 1079 m'ythologumenis
1278 1005 1381 1060 astro·

238 1104 373 1166 nomicis
396 1113 472 1187 apte
494 1103 617 1166 referre
640 1103 819 1188 possemus.
858 1100 948 1167 Talis
972 1112 1080 1167 autem
1100 1101 1183 1168 liber
1206 1104 1379 1186 exstitit,

238 1209 315 1275 licet
336 1205 507 1296 negaverit
528 1210 774 1298 Bernhardyus.

324 1321 442 1386 Suidae
471 1320 601 1386 codices
628 1321 762 1385 tradunt
784 1321 1035 1385 Eratosthenem
1057 1323 1230 1409 scripsisse
1257 1320 1381 1408 ἄστρο-

238 1432 361 1514 νομίαν
382 1427 405 1512 ἢ
428 1429 717 1514 καταστηριγμούς
740 1429 785 1513 (v.
798 1427 1070 1515 Ἐρατοσθένης)
1094 1432 1178 1517 apud
1200 1430 1380 1497 Eudociam

239 1537 527 1625 καταστηρισμούς
547 1539 680 1623 legitur,
710 1538 807 1625 paulo
829 1539 964 1619 rectius,
994 1561 1068 1603 nam
1097 1542 1382 1625 καταστερισμούς

238 1649 475 1714 restituendum
503 1670 575 1713 esse
601 1649 666 1712 iam
694 1649 812 1713 Portus
845 1651 1008 1734 cognovit.
1019 1650 1043 1734 1)
1093 1650 1240 1715 Eandem
1269 1652 1380 1716 lectio-

238 1779 311 1821 nenr
335 1758 447 1824 eodem
462 1760 532 1823 iure
547 1757 635 1844 apud
650 1757 813 1822 Achillem
827 1758 958 1823 Tatium
982 1781 1014 1844 p.
1034 1760 1092 1824 146
1107 1762 1276 1827 revocavit
1290 1761 1380 1848 Kop-

237 1868 376 1953 piersius
404 1868 460 1954 qui
486 1866 731 1952 Ἐρατοσθένης
759 1866 797 1936 ἐν
824 1871 871 1953 τῷ
902 1872 1155 1954 καταστερισμῷ
1181 1891 1240 1955 pro
1270 1868 1307 1934 ἐν
1334 1875 1381 1955 τῷ

238 1981 473 2063 καταμερισμῷ
495 1976 704 2043 scribendum
727 1998 798 2042 esse
820 1977 933 2041 docuit
959 1977 1103 2060 (observ.
1127 1978 1206 2065 phil.
1236 2003 1267 2066 p.
1295 1980 1377 2064 130).

238 2083 444 2151 contradicit
468 2087 600 2172 quidem
623 2086 854 2172 Bernhardyus
876 2087 1110 2174 contenditque
1132 2086 1381 2173 καταμερισμόν
1451 2117 1453 2120 ·

237 2195 319 2261 nihil
341 2195 432 2260 aliud
455 2195 641 2281 significare
666 2196 731 2260 nisi
759 2217 874 2282 poema
902 2196 943 2258 de
970 2196 1147 2262 Mercurio:
1178 2196 1274 2263 huius
1288 2220 1379 2274 'vero

237 2314 464 2390 argumentum
487 2304 589 2370 fuisse
604 2305 880 2369 enumerationem
895 2305 1054 2391 imprimis
1070 2305 1248 2390 stellarum,
1272 2309 1380 2372 causis

238 2437 349 2480 earum
373 2414 546 2496 adiunctis,
569 2416 604 2478 in
625 2415 879 2500 universumque
902 2416 1038 2480 rationis
1062 2437 1127 2501 qua
1143 2417 1282 2481 mundus
1298 2426 1378 2481 tem-

236 2534 367 2610 peretur
386 2524 667 2610 expositionem.²)
705 2523 770 2588 Sed
791 2524 862 2588 iure
876 2524 1089 2611 Bernhardyo
1106 2525 1258 2590 Osannus
1281 2549 1379 2612 oppo-

237 2637 302 2699 suit
332 2633 489 2721 explicari
516 2654 582 2697 non
608 2654 720 2720 posse,
750 2655 813 2720 quo
842 2655 939 2698 sensu
967 2655 1034 2698 vox
1057 2634 1300 2719 καταμερισμός
1320 2635 1379 2699 tali

238 2747 328 2831 operi
351 2743 557 2809 accomodari
579 2744 723 2830 potuerit
746 2743 800 2824 (de
823 2742 913 2807 Erat.
937 2743 1030 2828 Erig.
1047 2767 1078 2829 p.
1095 2744 1140 2827 2).
1178 2743 1277 2822 Quod
1300 2767 1377 2810 vero

237 2852 383 2918 Achilles
411 2853 528 2916 Tatius
556 2853 591 2915 in
620 2851 760 2918 citandis
789 2851 1030 2916 Catasterismis
1058 2874 1193 2917 numero
1222 2845 1377 2937 singulari

236 2963 357 3045 utitur,
379 2984 444 3027 non
467 2960 736 3046 vituperandum:
763 2959 906 3047 loquitur
929 2962 1013 3024 enim
1037 2961 1104 3026 illic
1126 2963 1166 3026 de
1193 2963 1261 3027 solo
1283 2962 1378 3027 lactei

237 3070 350 3135 circuli
373 3073 605 3136 catasterismo.

259 3178 261 3182 ’
321 3177 462 3247 Exstitit
483 3181 583 3264 igitur
599 3189 685 3245 certe
700 3179 840 3244 Achillis
857 3182 946 3245 Tatii
962 3160 1162 3266 temporibus
1181 3204 1261 3268 opus
1280 3179 1378 3267 Ἐρα-

236 3289 419 3366 τοσθένους
434 3292 690 3374 καταστερισμοί
701 3291 904 3375 inscriptum.
930 3290 1040 3376 Atque
1052 3290 1111 3354 hos
1126 3289 1377 3356 Catasterismos

236 3422 301 3464 non
323 3400 357 3463 in
379 3401 529 3464 omnibus
552 3401 741 3484 congruisse
757 3421 829 3462 curn
851 3399 893 3462 iis
916 3400 971 3484 qui
992 3421 1079 3464 nunc
1093 3401 1376 3484 circumferuntur,

235 3510 345 3574 nescio
361 3532 402 3574 an
424 3508 646 3573 demonstrare
668 3507 820 3572 videatur
841 3510 1039 3595 comparatio
1060 3508 1123 3574 loci
1146 3509 1282 3575 Achillis
1305 3533 1376 3574 curn

235 3738 346 3796 poetam
358 3732 488 3782 Latinum
501 3746 607 3781 carmen
619 3729 810 3780 Eratosthenis
821 3730 956 3794 imitatum
968 3747 1028 3782 esse
1040 3732 1164 3796 putabat.
1215 3735 1239 3791 1)
1256 3733 1377 3782 Eandem

235 3799 414 3863 corruptelam
426 3798 651 3864 deprehendimus
663 3798 692 3846 in
704 3799 903 3848 enumeratione
915 3799 1078 3864 scriptorum
1086 3798 1237 3864 Hipparchi
1247 3799 1376 3848 Nicaeen-

236 3867 282 3929 sis,
295 3867 341 3916 ubi
354 3865 450 3916 Suidas
465 3861 584 3932 (ἔγραψε
597 3862 661 3931 περὶ
675 3863 736 3928 τοῦ)
749 3863 989 3948 καταστηηιημοῦ,
1003 3867 1125 3916 Eudocia
1138 3866 1375 3931 καταστηρισμοῦ.
1409 3893 1411 3897 v

234 3933 268 3982 In
286 3933 377 3983 Procli
394 3933 483 3984 verbis
501 3931 578 3997 (Sph.
597 3949 624 3998 p.
642 3935 675 3983 68
694 3933 735 3980 ed.
753 3932 849 3992 Basil.)
872 3949 886 3982 ο
905 3947 1025 3998 υστερον
1045 3928 1301 4014 κατεστηριημὲνος
1319 3926 1374 3984 ὑπὸ

234 3993 421 4066 Καλλιμάχου
439 4001 590 4065 Βερενίκης
613 3994 759 4063 πλόκαμος
783 3999 980 4050 Valckenarius
1003 4015 1258 4066 κατεστηριημενος
1281 4017 1376 4052 vocem

234 4068 292 4117 iure
310 4069 426 4118 mutavit
444 4067 474 4116 in
486 4062 873 4138 ausqcssptcpe'voctcallim.
885 4065 953 4132 eleg.
966 4066 1060 4130 fragm.
1074 4083 1100 4132 p.
1112 4067 1164 4129 44).
1178 4093 1211 4102 —
1224 4060 1376 4134 στηριγμός

234 4136 335 4184 dicitur
358 4134 389 4184 de
412 4133 551 4184 stellarum
577 4134 723 4183 errantium
747 4133 920 4185 stationibus.
961 4133 994 4186 V.
1013 4140 1121 4198 praeter
1141 4134 1216 4184 locos
1238 4135 1266 4184 in
1285 4133 1374 4200 Steplr.

233 4202 312 4259 Thes.
333 4201 379 4252 Gr.
396 4201 462 4264 ling.
482 4199 532 4264 (ed.
550 4198 648 4266 Paris.)
668 4200 768 4250 citatos
786 4201 877 4250 Procli
894 4199 1018 4266 paraphr.
1037 4202 1065 4250 in
1083 4201 1153 4251 Ptol.
1175 4201 1258 4252 libros
1277 4201 1308 4251 de
1327 4203 1375 4252 sid.

235 4270 324 4321 effect.
355 4266 405 4335 (ed.
428 4268 514 4334 Lugd.
539 4266 614 4332 1635)
637 4283 664 4332 p.
687 4270 729 4317 31.
752 4270 793 4322 80.
817 4271 874 4321 114.
899 4271 956 4318 219.
982 4268 1027 4330 (cf.
1050 4268 1228 4334 στηρίζοντες
1256 4285 1282 4334 p.
1306 4269 1375 4333 205.)

233 4337 332 4387 Elucet
349 4341 440 4388 autem
458 4335 600 4396 tractatui,
620 4351 672 4400 quo
690 4334 722 4384 dc
739 4334 815 4384 nulla
832 4333 888 4384 alia
905 4335 1002 4386 renisi
1020 4335 1052 4385 de
1064 4336 1232 4400 planetarum
1250 4337 1376 4386 stationi·

233 4405 284 4456 bus
302 4409 437 4469 ageretur,
457 4403 683 4454 astronomiae
701 4402 811 4452 titulum
829 4403 913 4453 tribui
931 4419 985 4453 non
997 4404 1125 4469 potuisse.
1177 4401 1204 4468 2)
1224 4403 1265 4453 Of.
1279 4419 1304 4468 p.
1317 4406 1340 4455 4.

1136 4484 1172 4542 5*
