3354 5076
294 309 334 376 14
757 308 967 366 Mn-ncvnrvs

290 482 362 546 748.
396 482 605 567 Agam.241.
643 480 819 567 Sophocles
837 480 920 545 Oed.
937 479 1007 545 Col.
1026 481 1116 546 1303.
1162 480 1215 546 Of.
1230 482 1376 546 Ariston.
1392 479 1434 544 ad
1518 489 1522 495 '

289 591 330 656 Il.
354 597 385 655 A
405 592 469 656 270
491 589 542 656 ὅτι
565 591 789 675 παραλλήλοις
803 590 949 673 τηλόθεν
965 587 999 666 ἐξ
1014 587 1134 674 άπίης,
1163 591 1198 653 ol
1216 591 1254 654 δὲ
1273 591 1434 678 νεώτεροι

291 700 447 778 ἐδέξαντο
462 700 526 784 τὴν
537 700 814 784 Πελοπόννησον.
845 700 926 763 Pla
938 697 1000 782 οὐχ
1015 694 1061 774 οἱς
1076 701 1113 763 οί
1123 699 1281 781 νεοίτεροι
1297 697 1359 784 τὴν
1369 704 1433 764 Πε-

289 810 514 893 λοπόννησον.
544 810 655 897 Apoll.
678 809 765 875 Bibl.
787 808 822 873 ΙΙ
840 811 900 891 1,1
919 811 1032 894 (Apis)
1049 806 1217 893 ὀνομάσας
1231 807 1292 893 ἀφ’
1309 808 1434 873 ἑαυτοῦ

288 918 350 1003 τὴν
372 917 639 1003 Πελοπόννησον
659 919 785 983 Ἀπίαν.
828 917 933 983 Nicol.
958 919 1055 981 Dam.
1078 919 1166 1006 apud
1183 921 1295 984 Const.
1311 918 1432 1006 Porph.

289 1031 330 1094 de
351 1031 450 1094 them.
474 1028 511 1093 I·I
534 1054 566 1116 p.
587 1030 629 1094 52
652 1029 763 1094 Bekk.
788 1029 844 1092 ἐπὶ
865 1029 928 1112 μὲν
950 1025 1015 1111 γάρ
1035 1027 1151 1092 Ἀπίου
1172 1027 1234 1093 τοῦ
1249 1031 1434 1110 Φορωνέως

290 1139 442 1204 ἐκαλεῖτο
465 1139 738 1226 (Peloponnesus)
759 1137 862 1221 Ἀπίη.
909 1140 1004 1202 Paus.
1030 1140 1145 1221 115,7
1175 1129 1275 1216 οὗτος
1303 1129 1434 1214 ὁἈπις

291 1250 325 1325 ἐς
347 1248 489 1314 τοσόνδε
518 1243 652 1333 ηὐξήθη
677 1243 853 1331 δυνάμεως
879 1248 962 1334 πρίν
982 1245 1006 1330 ἢ
1027 1249 1167 1313 Πέλοπα
1195 1249 1230 1323 ἐς
1248 1242 1433 1332 Ὀλυμπίαν

290 1358 484 1442 ἀφικέσθαι,
507 1354 551 1434 ὡς
572 1356 635 1442 τήν
658 1354 754 1434 ἐντός
778 1354 916 1440 Ἰσθμοῦ
937 1357 1051 1440 χάραν
1076 1355 1194 1422 Ἀπίαν
1217 1355 1274 1422 ἀπ’
1299 1357 1433 1422 ἐκείνου

289 1473 479 1534 καλεῖσθαι.
524 1468 636 1555 Steph.
660 1466 681 1532 l.
704 1489 731 1532 c.
755 1467 793 1530 τὸ
817 1465 959 1531 ἐθνικόν
978 1465 1109 1542 Ἀπιούς
1130 1447 1258 1551 datoris
1280 1464 1340 1532 τὸν
1363 1473 1430 1531 Ile-

290 1580 564 1663 λοποννήσιον.“)
609 1578 643 1642 Si
673 1577 760 1642 idem
792 1578 826 1640 in
852 1575 1086 1662 disputationis
1115 1599 1192 1642 suae
1227 1579 1321 1642 initio
1352 1577 1433 1641 dicit

286 1686 382 1752 Ἀπία
404 1687 512 1764 οὕτως
533 1688 569 1751 οί
588 1686 746 1771 νεώτεροι
768 1685 806 1750 τὸ
820 1683 981 1768 Ἄργος,
1005 1687 1190 1770 significare
1205 1688 1278 1751 vult
1298 1690 1433 1752 eandem

291 1809 415 1863 terram
442 1820 524 1885 quae
553 1799 587 1860 in
620 1797 817 1883 carminibus
845 1796 1073 1862 Homericis
1099 1794 1220 1880 ’Ἀργος
1251 1797 1434 1886 appelletur

291 1908 379 1995 apud
409 1918 520 1995 poetas
546 1907 690 1970 Homero
718 1892 916 1971 recentiores
945 1929 1017 1972 esse
1041 1905 1172 1971 Ἀπίανε
1206 1931 1311 1994 neque
1339 1907 1434 1972 aliter

290 2018 411 2084 Rhiani
438 2041 553 2083 versus
585 2019 627 2082 ab
656 2039 694 2080 eo
723 2017 814 2080 allati
841 2016 1054 2101 intellegendi
1083 2027 1172 2096 sunt.
1214 2019 1260 2082 Hi
1287 2017 1351 2082 loci
1377 2017 1432 2082 de-

290 2139 472 2194 monstrare
494 2127 662 2207 videntur,
685 2126 750 2192 duo
773 2127 878 2192 fuisse
900 2149 982 2213 quae
1004 2127 1080 2190 huic
1101 2126 1313 2212 appellationi
1336 2129 1433 2212 origi-

290 2261 364 2304 nem
388 2239 554 2302 dederint:
578 2236 790 2301 Homericum
812 2237 894 2301 illud
912 2237 947 2314 ἐξ
969 2233 1069 2320 α’πίης
1087 2236 1216 2322 μαίηςῖ)
1240 2237 1327 2323 quod
1348 2237 1433 2302 falso

292 2350 333 2412 do
356 2352 445 2412 certa
467 2337 716 2433 quadam'terra
738 2335 981 2433 explicabatur,
1005 2357 1038 2410 et
1059 2335 1214 2410 memoria
1236 2347 1355 2432 Apidis
1378 2347 1432 2411 he-

291 2457 392 2542 rois3)
417 2479 500 2542 quae
522 2455 611 2542 apud
634 2457 776 2540 Argivos
800 2464 833 2519 et
855 2457 1025 2543 Sicyonios
1049 2455 1209 2520 exstabat.
1218 2458 1245 2540 ⁴¹)

377 2566 530 2631 Ceterum
558 2567 593 2628 in
620 2568 724 2651 prima
747 2565 901 2630 carminis
924 2565 1167 2630 Eratosthenici
1188 2575 1281 2652 parte
1303 2566 1433 2652 saepius

292 2667 495 2752 occasionem
512 2675 818 2740 commemorandae
840 2675 1056 2761 Peloponnesi
1078 2698 1113 2738 se
1139 2675 1296 2740 obtulisse
1319 2684 1434 2762 sponte

290 2786 502 2872 intellegitur.

839 2938 889 3004 VI

377 3035 581 3121 Theodosius
614 3055 660 3140 (λ)
692 3059 769 3142 περὶ
800 3060 941 3133 κλίσεως
972 3062 1041 3122 τῶν
1074 3059 1121 3135 εἰς
1154 3083 1202 3123 ων
1235 3057 1434 3142 βαρυτόνων

293 3169 385 3232 cuius
408 3167 509 3233 verba
531 3166 713 3253 publicavit
734 3165 925 3232 Dindorfius
949 3169 989 3230 ad
1019 3167 1118 3233 schol.
1142 3169 1310 3254 Aristoph.
1333 3179 1357 3232 t.
1380 3167 1434 3232 III

293 3303 324 3365 p.
347 3279 410 3342 418
433 3277 483 3345 ed.
499 3277 589 3364 Lips.
611 3275 649 3341 τὸ
664 3275 789 3341 Λάδων
811 3272 878 3340 ὑπὸ
898 3274 1096 3361 Ἀντιμάχου
1119 3274 1174 3342 did
1197 3281 1291 3341 τοῦο
1315 3277 1356 3361 (ω
1373 3299 1433 3340 em.
1506 3301 1515 3308 ·

292 3387 497 3471 Dindorfius)
521 3390 688 3452 κλίνεται·

380 3512 502 3596 ἐγγύθι
525 3514 562 3576 δὲ
585 3515 727 3598 προχοαί
748 3518 901 3596 ποταμοῦ
922 3513 1085 3590 Λάδωνος
1107 3517 1213 3579 ἔασιν.
1224 3515 1249 3600 ⁵)

294 3636 452 3714 ὡσαύτως
475 3640 531 3702 καὶ
553 3635 620 3703 ὑπὸ
641 3636 902 3720 Ἐρατοσθένους
925 3638 1060 3725 ἐκλίθη·

379 3765 567 3840 Λάόονος
589 3763 805 3849 (Λάδωνος
828 3765 942 3850 Dind.)
965 3768 1058 3850 περί
1080 3770 1216 3851 χεῦμα.

363 3955 388 4023 1)
409 3953 724 4017 Schol.Theocr.l‚l3t.
751 3945 983 4016 σταιτίτας.
1009 3955 1299 4010 Enst.adDion.415.
1324 3956 1435 4007 Tzetzes

294 4027 327 4077 ad
339 4025 406 4091 Lyc.
423 4027 477 4075 177.
529 4021 557 4088 2)
571 4023 602 4072 G.
618 4023 728 4072 Curtius
741 4022 859 4072 Grundz.
871 4025 917 4074 der
930 4025 1031 4088 griech.
1044 4027 1132 4091 Etym.
1146 4041 1172 4090 p.
1185 4027 1243 4077 428.
1291 4027 1318 4085 3)
1332 4024 1435 4076 Preller

295 4093 395 4160 griech.
408 4091 495 4155 Myrh.
507 4093 535 4142 11
553 4107 579 4156 p.
592 4094 632 4142 37.
684 4091 711 4154 4)
730 4092 805 4140 Haec
823 4091 875 4141 duo
888 4107 947 4142 oum
960 4092 1190 4143 confunderentur
1208 4110 1263 4144 non
1275 4092 1434 4152 mirandum,

295 4177 366 4243 quod
384 4175 534 4242 Sophocles
553 4173 627 4240 (Oed.
640 4174 698 4225 Col.
714 4175 790 4241 1685)
810 4160 901 4228 άπίαν
920 4176 975 4242 μάν
993 4178 1025 4227 de
1044 4161 1117 4228 terr'a
1133 4177 1292 4244 longinqua,
1312 4177 1434 4228 Rhianus

290 4263 389 4342 Ἀπίήν
405 4275 438 4325 de
455 4275 644 4340 Peloponneso
662 4291 792 4340 usurpare
811 4292 866 4326 non
882 4279 1029 4332 dubitavit.
1106 4279 1132 4344 ὁ)
1150 4271 1287 4334 Λάδωνος
1308 4291 1357 4340 pro
1375 4266 1433 4326 Λά-
1488 4331 1491 4344 ¹

295 4345 380 4404 δονος
398 4344 510 4409 scripsit
528 4343 698 4407 Dindorfius,
721 4343 802 4396 ἔασιν
820 4361 869 4410 pro
887 4335 962 4412 ἦσαν
979 4347 1135 4398 Meinekius
1153 4347 1205 4397 del.
1225 4345 1311 4410 epigr.
1330 4360 1355 4410 p.
1377 4346 1433 4395 1⁶28.

1662 4387 1665 4502 l
