3354 5076
308 327 349 406 :aa
774 328 985 380 Muaovarvs

309 498 397 584 apud
423 495 675 561 Eratosthenem
703 498 820 560 ἴουλον
848 517 977 560 carmen
1001 518 1070 560 esse
1094 519 1157 582 quo
1178 496 1277 562 Ceres
1307 519 1327 559 a
1348 497 1450 560 viris

309 605 631 691 mulieribusque
654 628 817 670 messem
840 606 1090 671 facientibus
1113 605 1296 671 celebretur
1325 606 1450 692 (opusc.

308 715 419 800 philol.
443 718 460 780 Ι
482 741 514 803 p.
537 716 624 801 251).
670 717 823 780 Fortasse
847 737 924 781 voce
947 717 1062 796 ἔριθος
1091 715 1258 782 mulierem
1289 715 1450 781 lanificam

309 826 508 909 significavit
541 825 587 908 (id
616 826 701 911 quod
735 847 776 888 ex
804 824 877 888 aliis
906 827 975 890 eius
1002 825 1063 890 loci
1092 824 1241 892 versibus
1270 825 1451 890 luculenter

308 957 465 1022 apparere
488 936 609 1020 potuit)
637 935 846 1021 putavitque,
874 935 958 999 sicut
984 946 1098 1021 postea
1119 936 1271 1023 Trypho,
1301 935 1408 1000 Iulum
1432 958 1451 998 a

308 1029 498 1108 mulieribus
521 1043 630 1112 lanam
653 1044 868 1110 tractantibus
893 1067 964 1108 esse
987 1055 1160 1110 cantatum.
1173 1047 1196 1129 ¹)
1242 1043 1451 1132 Quamquam

304 1156 335 1232 si
357 1154 437 1218 haec
461 1155 530 1219 eius
554 1155 716 1218 sententia
738 1154 801 1218 fuit
816 1156 991 1240 permirum
1014 1156 1155 1232 videtur,
1181 1157 1268 1242 quod
1284 1157 1450 1220 mulierem

307 1287 371 1329 non
393 1267 479 1329 inter
501 1267 607 1350 ipsum
630 1263 763 1329 lanificii
785 1264 946 1345 laborem,
970 1267 1027 1342 sed
1049 1265 1113 1330 alio
1137 1288 1234 1352 opere
1257 1275 1449 1353 occupatam

306 1374 390 1438 iulos
413 1375 571 1440 cecinisse
593 1384 713 1438 narrat.
752 1375 867 1460 Itaque
890 1378 958 1439 veri
982 1375 1118 1441 similius
1142 1385 1200 1456 est,
1225 1379 1339 1459 ἔριθος
1360 1384 1449 1461 pote-

307 1493 391 1548 state
406 1487 511 1569 magis
528 1485 671 1569 generali
689 1485 730 1549 ab
747 1506 784 1549 eo
799 1495 990 1572 usurpatum
1008 1507 1090 1550 csse.
1124 1486 1174 1554 Ex
1188 1486 1323 1573 Didymi
1339 1485 1449 1550 verbis

307 1595 424 1679 quibus
455 1595 664 1658 Eratostheni
697 1593 889 1660 adversatur
922 1596 956 1659 id
988 1598 1230 1682 cognoscimuS,
1268 1597 1449 1682 Didymum

306 1725 436 1767 carmen
454 1703 604 1768 Cererem
628 1702 796 1769 celebrans
820 1706 872 1768 cui
894 1705 959 1769 Iuli
981 1728 1098 1770 nomen
1121 1715 1208 1770 esset
1229 1706 1272 1769 ad
1294 1705 1449 1770 sollemne

306 1822 520 1899 sanctumque
543 1812 738 1897 hymnorum
760 1836 862 1898 genus
885 1814 1060 1897 rettulisse,
1084 1825 1120 1898 ut
1142 1814 1223 1880 illud
1245 1814 1448 1880 nullomodo

306 1922 434 1987 mulieri
457 1923 697 1988 mercennariae
720 1923 762 1986 ab
783 1924 999 1992 Eratosthene
1021 1926 1121 1990 tribui
1143 1926 1288 2010 potuisse
1311 1925 1447 1989 arbitra-

305 2042 403 2097 retur.
442 2031 507 2098 Sed
531 2033 763 2097 Eratosthenes
786 2033 924 2098 fortasse
945 2036 1040 2098 aliter
1062 2035 1275 2100 iudicaverat.

391 2144 464 2224 Quo
493 2165 644 2208 connexu
671 2143 736 2208 duo
766 2165 880 2208 versus
908 2144 1026 2232 prolati
1058 2145 1195 2226 fuerint,
1225 2145 1281 2208 alii
1310 2145 1448 2210 fortasse

305 2263 393 2318 certo
421 2254 541 2317 iudicio
569 2255 784 2338 perspicient:
814 2253 848 2318 id
875 2253 963 2340 quod
991 2253 1071 2319 mihi
1098 2278 1163 2318 non
1192 2255 1338 2339 contigit.
1383 2255 1448 2318 Sed

305 2367 338 2428 in
362 2373 502 2428 mentem
532 2363 612 2426 mihi
640 2364 729 2426 venit
752 2363 866 2448 hymni
895 2362 1061 2428 Homerici
1089 2362 1250 2450 particula
1278 2364 1447 2450 quaedam.

304 2473 486 2536 Mercurius
509 2481 683 2558 postquam
706 2473 808 2558 boyes
831 2473 957 2538 furatus
981 2483 1039 2556 est,
1062 2496 1120 2559 per
1142 2472 1342 2538 Onchestum
1364 2473 1447 2540 Boe-

305 2582 389 2647 otiae
412 2582 568 2668 oppidum
591 2585 709 2646 transit
732 2583 886 2669 videtque
909 2606 1016 2647 senem
1039 2585 1072 2648 iu
1094 2585 1205 2647 vineto
1228 2583 1372 2648 curando
1395 2607 1447 2650 oe-

305 2701 475 2779 cupatum3
499 2701 588 2756 vetat
610 2714 682 2756 eum
707 2691 884 2778 quidquam
907 2714 1017 2757 eorum
1040 2714 1123 2779 quae
1146 2692 1266 2757 viderit
1281 2693 1447 2778 evulgare,

302 2777 401 2887 'gravi
424 2824 527 2889 poena
550 2803 577 2865 si
593 2800 688 2866 aliter
703 2803 826 2866 faceret
842 2792 1046 2887 denufitiata;
1070 2813 1153 2868 mox'
1164 2812 1272 2866 tamen
1289 2805 1330 2869 ab
1346 2803 1447 2891 Apol-

306 2912 371 2976 line
394 2912 434 2976 de
456 2913 611 2975 armentis
632 2913 851 2995 interrogatus
875 2935 976 2978 senex
999 2909 1210 3000 quaeeunque
1233 2924 1449 3000 conspexerat

305 3023 334 3086 ei
358 3023 493 3109 exponit
516 3022 667 3104 (87-93.
693 3021 885 3105 rso-212).
923 3024 1079 3088 Dubitari
1101 3024 1159 3088 vix
1182 3032 1289 3108 potest
1305 3025 1384 3110 quin
1406 3024 1447 3087 de

304 3133 489 3197 hominibus
512 3130 710 3195 Mercurium
733 3131 833 3195 boves
857 3154 966 3196 seeum
994 3141 1145 3217 agentem
1169 3133 1446 3220 conspicientibus

303 3264 342 3305 ae
369 3241 410 3304 de
439 3263 595 3328 responso
618 3241 703 3327 quod
719 3239 865 3326 Apollini
887 3244 1102 3334 interroganti
1124 3241 1236 3308 datum
1266 3245 1309 3308 sit
1331 3253 1447 3331 poetae

304 3352 407 3416 multa
422 3353 563 3416 diversis
578 3352 683 3416 modis
700 3329 856 3416 exornata
871 3344 1073 3438 protulerint.
1104 3352 1282 3440 Praecipue
1297 3355 1361 3418 hue
1376 3376 1447 3440 per-

304 3463 387 3525 tinet
409 3461 520 3525 fahula
544 3461 584 3524 de
605 3461 792 3544 Batto,tah
820 3463 980 3542 Hesiodo,
1004 3462 1245 3548 Didymarcho,
1268 3464 1446 3548 Antigone,

258 3643 260 3646 ,
305 3571 488 3658 Apollonio,
505 3571 680 3654 Nicandro,
703 3580 818 3656 postea
833 3572 875 3636 ab
891 3575 1055 3638 Antonino
1070 3572 1216 3638 Liberali
1232 3572 1301 3658 (23)
1323 3582 1355 3637 et
1371 3572 1448 3638 Ovi-

306 3681 360 3745 dio
377 3665 523 3766 (Metam.
540 3681 651 3768 1168?
668 3682 753 3768 sqq.)
769 3684 946 3768 narrata.²)
983 3681 1203 3770 Apollodorus
1220 3683 1446 3768 complures

304 3769 449 3877 Apollini
482 3790 654 3856 (lacubus
688 3794 851 3879 subreptis
882 3795 1051 3879 quaerenti
1081 3792 1289 3880 respondisse
1319 3802 1446 3860 narrat:

302 3900 472 3967 Ἀπόλλων
496 3903 532 3966 δὲ
555 3899 613 3978 τοὶς
635 3901 716 3984 βόας
738 3905 843 3984 ζητῶν
866 3904 913 3979 εἰς
929 3898 1048 3967 Πύλον
1066 3901 1271 3985 ἀφικνεῖται·
1297 3901 1354 3966 καὶ
1369 3900 1447 3978 τούς

305 4015 546 4088 κατοικοῦντος
573 4011 768 4096 ἀνέκρινεν,
798 4013 832 4076 oi
853 4013 889 4076 di
919 4014 1005 4077 ἰδεῖν
1034 4014 1097 4095 μὲν
1125 4014 1229 4077 παῖδα
1258 4014 1446 4078 ἐλαύνοντα

374 4227 398 4290 1)
417 4228 478 4277 Hoc
502 4228 526 4276 si
548 4229 692 4290 statuitur,
716 4227 862 4277 concidunt
885 4244 955 4292 quae
978 4228 1011 4278 de
1035 4229 1141 4290 origine
1166 4225 1319 4278 scribentiae
1342 4243 1358 4276 a
1378 4227 1445 4290 Try-

304 4295 398 4428 phqnle5
409 4297 567 4360 propositae
582 4310 663 4360 supra
677 4297 792 4350 conieci.
844 4297 869 4361 2)
890 4295 930 4345 cf.
945 4295 976 4347 0.
991 4296 1088 4346 Miiller
1101 4296 1323 4362 hyperbor.-riim.
1338 4294 1414 4347 Stud.
1433 4297 1445 4345 1
