3354 5076
321 317 359 382 16
790 317 999 371 Mercvrivs

321 496 372 552 est
393 487 555 562 Λάδωνος
577 486 654 570 περὶ
676 489 783 570 χεῦμα
799 486 855 568 (fr.
870 487 944 569 VI).
983 487 1081 567 Quod
1096 510 1118 550 v
1132 487 1167 550 in
1182 484 1288 551 locum
1304 510 1321 552 ο
1337 488 1467 555 litterae

324 596 481 679 succedit,
504 597 644 661 fortasse
667 595 710 660 ad
734 596 907 661 dialectum
921 597 1120 661 Arcadicum
1143 606 1193 660 est
1213 597 1432 662 referendum.
1442 597 1466 683 ¹)
1519 583 1521 588 ¹

319 707 446 771 Eodem
462 706 562 772 modo
574 705 692 771 Aeoles
709 705 835 783 ξάανον
850 728 908 793 pro
925 706 1048 783 ξόανον
1063 706 1188 771 dixisse
1203 708 1427 794 perhibentur.
1437 710 1464 794 ²)

319 817 471 903 Denique
493 839 572 881 vero
594 816 737 880 fluminis
760 795 848 879 illius
871 837 988 879 nornen
1011 817 1109 881 ctiam
1130 819 1166 880 in
1188 839 1227 892 ας
1249 818 1385 899 exiisse,
1408 839 1467 904 per

319 935 435 991 testem
458 915 748 1012 locupletissimum
771 925 984 1012 comprobare
999 948 1144 1012 possum:
1166 927 1274 1011 ipsum
1288 926 1361 990 dico
1384 926 1465 990 Era·

319 1037 511 1102 tosthenem.
560 1035 651 1100 Haec
679 1037 765 1098 enim
793 1035 942 1099 codicum
975 1036 1159 1125 scripturis.
1175 1035 1299 1101 tradita
1327 1046 1403 1101 sunt
1431 1037 1465 1100 in

284 1165 299 1192 r
319 1145 491 1211 Strabonis
514 1145 598 1210 libro
623 1144 707 1208 VIII
722 1168 754 1230 p.
771 1145 850 1210 389:
871 1142 1112 1228 Ἐρατοσθένης
1133 1145 1173 1208 δέ
1193 1162 1277 1228 φησι
1299 1143 1376 1228 περὶ
1395 1149 1465 1210 Φε-

320 1252 400 1320 νεὸν
422 1253 485 1338 μὲν
507 1251 567 1318 τὸν
587 1252 724 1318 Ἀνλαν
746 1255 960 1336 καλούμενον
983 1251 1134 1336 ποταμὸν
1149 1255 1320 1338 λιμνάζειν
1342 1251 1382 1319 τά
1397 1253 1464 1341 πρὸ

320 1369 378 1449 τῆς
400 1367 531 1440 πόλεως
552 1368 623 1428 κτλ.
669 1364 805 1428 Dudum
834 1385 877 1426 ex
903 1365 944 1428 iis
977 1386 1059 1450 quae
1088 1365 1205 1430 Strabo
1232 1374 1345 1429 narrat
1371 1365 1464 1429 intel·
1519 1393 1522 1398 ·

320 1473 440 1540 lectum
463 1484 524 1556 est,
548 1475 603 1559 agi
624 1472 688 1538 hoc
710 1473 781 1539 loco
805 1472 846 1538 de
868 1475 1024 1538 Aroanio:
1055 1497 1120 1560 qua
1147 1473 1188 1537 de
1216 1495 1316 1539 causa
1337 1473 1463 1539 Palme-

319 1584 386 1647 rius
407 1581 585 1670 Ἀροάνιον
607 1584 745 1648 formam
774 1584 1035 1649 substituendam
1064 1605 1135 1648 esse
1164 1585 1291 1649 censuit
1317 1584 1463 1665 (exercit.

304 1695 355 1758 'in
376 1702 462 1758 auct.
487 1695 544 1759 Gr.
568 1717 599 1780 p.
622 1693 711 1778 314).
756 1694 826 1757 Iam
850 1714 892 1756 ex
913 1693 954 1756 iis
978 1715 1060 1780 quae
1086 1693 1255 1779 disputavi
1268 1692 1462 1778 cognosces,

319 1804 579 1868 terminationem
605 1802 692 1887 apud
717 1802 911 1868 Strabonem
939 1812 1026 1867 recte
1054 1825 1126 1868 sese
1152 1804 1291 1888 babere3
1320 1805 1462 1868 scriben-

321 1915 397 1978 dum
420 1924 470 1978 est
490 1924 548 1978 aut
568 1911 689 1997 Ἀράαν
710 1921 767 1976 aut
786 1909 926 1995 Ἀρύανε
950 1913 991 1975 dc
1012 1913 1135 2000 duplici
1156 1915 1302 1979 eiusdem
1323 1915 1462 1978 nominis

320 2023 537 2089 declinatione
560 2019 691 2107 (Ἆρύας
710 2019 812 2108 Ἀρύα
828 2031 861 2085 et
880 2019 1000 2107 ’Δρύας
1019 2020 1212 2110 Ἁράαντος)
1229 2025 1270 2092 cf.
1287 2023 1463 2089 Schneide-

320 2137 424 2200 winus
447 2133 468 2198 l.
492 2156 520 2198 c.

404 2242 572 2308 Articulus
596 2243 642 2324 αἱ,
667 2243 695 2306 si
719 2265 832 2307 versus
856 2265 898 2306 ex
913 2243 1076 2308 Mercurio
1098 2244 1220 2329 petitus
1236 2248 1295 2326 est,
1318 2247 1359 2310 de
1373 2244 1464 2309 Maia

320 2355 454 2440 eiusque
476 2354 642 2417 sororibus
665 2351 772 2416 dictus
794 2375 865 2416 esse
888 2353 1036 2417 videtur:
1059 2376 1097 2418 ac
1112 2355 1253 2418 fortusse
1268 2377 1399 2419 versum
1421 2353 1463 2418 ad

319 2461 467 2528 fabulam
489 2460 579 2526 illam
602 2461 643 2526 de
665 2460 890 2527 Atlantidibus
912 2484 1068 2528 revocare
1089 2463 1177 2546 licet,
1201 2486 1295 2557 quam
1317 2465 1360 2530 ab
1382 2465 1462 2528 Era·

320 2574 469 2638 tostheue
491 2581 665 2638 tractatam
687 2593 758 2636 esse
779 2572 964 2658 fragmento
986 2573 1004 2636 I
1027 2573 1084 2658 (cf.
1107 2572 1147 2640 fr.
1170 2573 1232 2655 IV)
1256 2572 1461 2659 exploratum

319 2683 488 2749 habemus.

846 2885 933 2953 VIII

406 3023 485 3090 Ath.
508 3021 540 3087 V
567 3045 600 3108 p.
626 3023 686 3087 189
707 3022 740 3086 D
774 3026 916 3086 καλοῦσι
945 3022 977 3086 d’
1005 3021 1297 3109 doceatuaig·rod9
1324 3023 1463 3091 αὐλῶ-

320 3157 393 3210 νας
415 3129 529 3215 ὥσπερ
552 3132 767 3214 Θονκυδίδης
795 3134 834 3196 ἐν
862 3137 902 3217 τῇ
925 3132 1065 3216 τετάρτῃ
1094 3138 1134 3220 (c.
1159 3136 1234 3220 103)
1263 3133 1318 3199 καὶ
1340 3136 1462 3211 πάντες

291 3234 297 3246 ’
321 3243 356 3307 ol
374 3241 609 3324 καταλογάδην
631 3251 850 3325 συγγραφεῖς,
873 3242 909 3305 ολ
927 3241 965 3306 δὲ
981 3239 1113 3326 ποιηταὶ
1129 3246 1297 3325 θηλυκῶς.
1332 3247 1461 3325 Καρκί-

319 3376 379 3429 νος
399 3352 462 3435 μὲν
480 3349 625 3435 Ἀχιλλεῖ

404 3498 550 3578 βαθεῖαν
573 3495 619 3570 εἰς
641 3493 779 3560 αὐλῶνα
802 3498 1008 3582 περίδρομον
1030 3501 1186 3581 στρατοῦ.

321 3633 376 3697 καλ
400 3636 581 3717 Σοφοκλῆς
603 3631 758 3706 Σκύθαις

405 3767 576 3852 κρημνούς
597 3789 633 3832 τε
655 3743 718 3831 καὶΙ
734 3763 904 3851 σήραγγας
925 3765 980 3851 ἠδ’
1005 3767 1162 3843 ἐπακτίας

405 3875 571 3953 αὐλῶνας.
663 3957 665 3963 s

389 4151 414 4215 1)
433 4149 473 4202 cf.
494 4151 596 4204 Gciblre
614 4151 645 4202 de
663 4152 726 4204 dial.
750 4152 809 4205 Arc.
833 4169 859 4219 p.
883 4157 913 4204 19
937 4151 978 4218 (G.
1003 4154 1115 4205 Curtius
1138 4153 1215 4208 Stud.
1239 4172 1286 4206 zur
1313 4153 1411 4219 griech.
1434 4169 1459 4204 u.

321 4221 369 4270 lat.
388 4220 505 4270 Gramm.
524 4219 573 4284 11).
661 4222 703 4297 ⁹2)
722 4222 837 4272 Taetaes
854 4237 930 4286 exeg.
953 4225 980 4272 in
998 4223 1029 4273 Il.
1049 4240 1073 4287 p.
1097 4226 1152 4285 122,
1172 4226 1210 4274 13.
1229 4223 1331 4273 Addere
1350 4224 1413 4271 licet
1432 4223 1459 4271 in

316 4288 567 4423 ῧὲἱλὲῖτὸοικιέραιίοα
586 4279 739 4356 Ἀρνανδης
766 4290 877 4340 eandem
905 4292 1142 4341 commutationem
1167 4306 1318 4342 occurrere:
1343 4289 1410 4340 Hcs.
1434 4308 1459 4342 v.
