3324 5074
301 324 361 386 102
787 321 950 375 arraona

298 491 336 555 τό
366 488 448 554 ἄλλο
476 495 586 573 σῶμα·
623 480 716 554 οὗτοι
747 489 784 553 δὲ
814 489 849 552 ot'
880 487 984 572 ταύτῃ
1018 487 1171 570 λέγοντές
1203 485 1444 569 όιαβόλλονται

300 599 405 686 τούτῳ
427 588 454 684 ᾧ
476 597 587 681 μέλλω
611 599 719 683 ἐρέειν
742 599 812 662 κτλ.
906 647 909 654 .

817 799 923 865 ΧΧΧ

385 929 440 994 Et.
456 952 498 993 m.
515 927 639 1012 170,47
660 924 880 1011 αὐροσχοὲς·
899 927 922 1010 ¹)
944 922 964 1009 ἡ
980 922 1135 1008 ἄμπελος.
1167 917 1329 1010 μέμνηται
1345 931 1445 1009 Παρ-

299 1017 417 1114 θένιος
450 1037 489 1102 έν
517 1034 678 1118 Ἡρακλεῖ
707 1033 951 1118 αὐροσχιλόα
990 1034 1146 1118 βότρυν
1175 1031 1442 1121 Ἰκαριωνίης.

297 1147 539 1231 Ἐρατοσθένης
562 1145 598 1210 δὲ
615 1145 653 1209 έν
669 1143 881 1230 έηιθαλαμίρι
897 1141 934 1208 τό
950 1141 1033 1208 κατὰ
1052 1144 1182 1227 βότρυν
1197 1147 1315 1229 κλῆμα.
1350 1150 1445 1230 εἴρη-

300 1280 354 1320 ται
370 1255 406 1322 δὲ
424 1255 659 1340 ἐπαιωρημένη
676 1254 946 1339 (έτιαιιιρουμένη
962 1274 1023 1319 em.
1040 1253 1227 1319 Meinekius
1245 1254 1330 1319 anal,
1346 1255 1444 1320 Alex.

300 1390 332 1453 p.
348 1366 426 1449 273)
449 1354 536 1429 οὖσα
558 1361 651 1448 όσχη.
687 1359 768 1447 όσχη
789 1362 853 1446 γὰρ
875 1363 913 1428 τό
937 1367 1048 1447 κλῆμα
1072 1362 1127 1427 καλ
1150 1358 1247 1446 ’όσχος
1270 1367 1407 1447 εἴρηται.
1416 1365 1444 1449 ²)
1511 1345 1516 1353 ’

384 1475 579 1540 Rectissime
601 1473 766 1558 Bergkius
788 1473 940 1556 adnotat,
968 1473 1079 1538 verbis
1102 1468 1295 1555 αόροσχολθα
1317 1472 1446 1556 βότρυν

297 1585 501 1669 ’[καριαινίης
522 1606 587 1648 non
610 1583 742 1669 probari
758 1583 792 1647 id
808 1582 895 1669 quod
909 1583 1141 1667 grammaticus
1157 1581 1238 1647 velit
1253 1578 1446 1667 αόροσχόόα

300 1695 424 1759 vitem
447 1693 522 1758 dici,
536 1692 563 1778 3)
601 1692 711 1773 Quam
734 1692 922 1757 offendendi
944 1713 1076 1757 oausam
1094 1692 1222 1756 duobus
1246 1691 1352 1756 modis
1374 1690 1446 1757 tolli

301 1825 395 1890 posse
418 1811 544 1866 censet:
575 1816 632 1866 aut
654 1810 840 1888 corruptam
869 1823 941 1866 esse
969 1798 1164 1884 αόροσχόόα
1185 1823 1300 1865 vocem
1327 1810 1359 1865 et
1381 1803 1444 1866 lor-

301 1923 389 1978 tasse
411 1909 621 1976 scribendum

751 2043 1012 2130 αόροσχόόος
1034 2051 1181 2110 αἴνυτο
1203 2045 1331 2128 βότρυν

381 2155 680 2240 Ἰκαριωνείης,

304 2303 360 2358 aut
382 2302 550 2379 poetarum
576 2290 664 2356 locos
693 2290 846 2356 confusos
869 2313 958 2374 esse,
987 2293 1035 2356 ita
1060 2301 1097 2356 ut
1124 2292 1377 2377 transpositione
1406 2294 1448 2356 sit
1489 2303 1505 2353 .’

304 2401 460 2466 utendum
482 2401 518 2464 in
540 2400 626 2464 hune
648 2402 795 2465 modum:
824 2398 1006 2484 αόροσχός·
1037 2397 1058 2484 ἡ
1085 2398 1240 2483 ἄμπελος.
1286 2399 1448 2484 μέμνηται

306 2510 498 2593 Παρθένιος
521 2509 559 2572 ἐν
576 2505 742 2590 Ἡρακλεῖ.
784 2506 1026 2594 Ἐρατοσθένης
1055 2510 1092 2574 δὲ
1116 2509 1154 2574 ἐν
1178 2509 1389 2594 έτιιθαλαμίςο
1411 2506 1449 2573 τό

305 2616 387 2684 κατὰ
409 2617 538 2702 βότρυν
561 2620 684 2701 κλῆμα·

912 2750 1106 2839 αὐροσχόόα
1127 2754 1257 2839 βότρυν

387 2859 632 2948 Ἰκαριώνης.
664 2937 671 2950 1

305 3002 352 3064 At
373 2999 435 3064 hoo
459 3007 546 3062 certe
568 2999 654 3063 omni
677 2998 910 3084 probabilitate
932 3009 1030 3065 earet.
1068 2998 1153 3063 Nam
1176 3000 1203 3064 si
1224 3011 1321 3086 poeta
1343 2997 1429 3086 oripo

243 3091 250 3098 ¹
307 3108 414 3192 σχάόα
443 3129 557 3172 vocem
591 3107 800 3193 epitheton
834 3109 988 3174 vocabuli
1018 3108 1148 3192 βότρυν
1182 3132 1252 3195 osse
1281 3111 1449 3194 voluisset,

306 3219 537 3304 grammaticus
552 3217 611 3282 vix
626 3217 860 3302 interpretatus
876 3215 1012 3283 essetab
1035 3215 1136 3282 κατὰ
1153 3219 1311 3305 βότρυν
1326 3224 1446 3306 κλῆμα.

306 3331 419 3416 Neque
435 3328 565 3392 omnino
580 3325 782 3411 intellegitur
797 3349 861 3413 qua
876 3329 1001 3394 ratione
1017 3327 1197 3413 αόροσχάς,
1214 3331 1247 3394 si
1269 3330 1372 3404 idem
1396 3332 1450 3397 sit

306 3437 411 3525 quod
446 3440 594 3520 κλῆμα,
626 3437 672 3500 ita
704 3459 777 3500 oum
810 3437 939 3522 βότρυν
966 3438 1091 3516 vocula
1116 3439 1259 3524 potuerit
1287 3441 1449 3526 coniungi.

308 3548 399 3612 Dicit
413 3547 545 3632 quidem
560 3547 727 3631 Bergkius
751 3547 1009 3631 „Eratosthenes
1027 3570 1101 3612 cum
1123 3551 1351 3636 pampinum
1374 3573 1451 3616 uva

307 3678 468 3742 gravem
492 3655 675 3740 significare
693 3655 804 3740 vellet,
827 3659 933 3742 potuit
948 3679 1026 3724 sane
1042 3659 1240 3724 coniunctim
1256 3657 1450 3744 αὐροσχόόα

296 3767 436 3853 βότρυν
459 3767 579 3848 dicere,
603 3765 689 3850 quod
704 3767 849 3852 profecto
865 3788 929 3831 non
945 3766 1100 3834 audacius
1116 3778 1166 3834 est
1181 3778 1337 3834 novatum
1352 3793 1450 3856 quam
1524 3829 1532 3834 ,
1647 3843 1648 3852 ¹

309 3877 396 3962 quod
418 3874 655 3963 Aristophanes
679 3875 764 3940 dixit
785 3878 819 3940 in
841 3877 944 3942 Ranis
966 3901 1000 3944 v.
1021 3877 1083 3944 207
1112 3880 1290 3963 βατράχων
1313 3879 1451 3943 κύκνων

309 3984 340 4049 et
362 3986 396 4048 in
418 3985 546 4050 Avibus
569 4008 601 4050 v,
627 3985 707 4054 1558
730 3985 881 4072 κάμηλον
909 3982 1017 4069 ἀμνόν
1046 3991 1157 4051 τινα.“
1200 3989 1314 4075 Neque
1341 3999 1471 4054 tamenx

378 4198 404 4271 1)
423 4200 550 4274 αόρόσχη
570 4209 655 4259 codex
673 4210 705 4260 V.
737 4205 863 4277 αόρόσχη
881 4201 899 4276 ἡ
918 4202 1045 4278 ἄμπελος
1064 4212 1184 4262 Zonaras
1201 4211 1253 4262 lex.
1272 4229 1298 4276 p.
1316 4214 1374 4264 344.

182 4323 185 4328 .
309 4275 335 4338 2)
353 4274 445 4325 Miller
462 4274 604 4340 Melanges
622 4277 655 4326 de
676 4279 744 4329 Litt.
766 4278 811 4330 Gr.
833 4295 858 4345 p.
878 4281 919 4332 53.
1024 4277 1050 4344 3)
1079 4278 1225 4334 Commeat.
1249 4280 1309 4331 orit.
1330 4282 1356 4332 ll
1380 4297 1405 4345 p.
1426 4283 1449 4331 5.

310 4342 389 4394 Anal.
408 4343 481 4394 Alex.
499 4345 513 4394 I
532 4360 557 4407 p.
577 4346 617 4397 16.
