3354 5076
263 397 306 462 46
730 395 941 453 unacvarvs

264 561 309 648 μὴ
338 561 507 649 γραφικόν
538 569 587 648 εἴη
622 561 665 628 τό·
694 574 852 650 πταῖσμα.
903 567 1099 653 Antiquiore
1128 574 1235 631 autem
1263 576 1407 653 ternpore

266 674 387 739 Graeci
409 675 559 762 interque
582 697 646 756 eos,
669 683 705 739 ut
728 673 862 738 tradidit
883 674 1051 740 Eudemus
1061 676 1085 761 ¹)
1097 726 1105 758 ‚
1129 678 1252 762 primns
1275 677 1407 742 Anaxa·

264 806 361 868 goras
384 783 485 848 solem
509 786 620 849 statim
634 793 708 870 post
723 784 833 849 lunam
848 784 1007 851 collocare
1026 785 1186 870 solebant,
1207 808 1246 850 ac
1260 784 1409 850 nonnulli

265 894 364 958 etiam
385 893 583 959 Archimede
601 894 797 979 posteriores
820 895 927 960 denuo
949 894 1033 960 hanc
1049 898 1243 960 sententiam
1265 895 1407 982 amplexi

265 1004 390 1084 sunt²):
427 1005 539 1090 itaque
565 1004 689 1068 factum
717 1012 782 1086 est,
811 1013 848 1067 ut
870 1004 1074 1070 Ptolemaeus
1103 1006 1173 1091 (qui
1201 1028 1240 1070 ea
1266 1005 1407 1069 refutata

264 1112 400 1176 alteram
421 1114 622 1198 argumentis
645 1114 856 1200 comprobare
879 1115 1003 1197 studet)
1027 1115 1116 1206 illam
1135 1137 1234 1202 quarn
1249 1116 1406 1201 antiquio-

264 1245 333 1287 rem
355 1221 428 1288 dico
450 1222 689 1288 mathematicis
717 1221 983 1308 posteriorum
1009 1233 1241 1310 temporum,
1270 1205 1406 1288 alteram

264 1342 334 1408 τοῖς
355 1332 588 1416 παλαιοτέροις
603 1333 816 1398 adscriberet.
856 1333 908 1397 Ex
929 1334 1113 1399 Platonis
1137 1333 1288 1420 opinione
1310 1357 1406 1420 quam

263 1451 378 1529 postea
409 1439 581 1527 adoptavit
619 1443 822 1530 Chrysippus
832 1443 857 1526 3)
891 1441 1004 1507 Venus
1040 1446 1187 1526 tertium,
1224 1444 1404 1509 Mercurius

265 1562 417 1638 quartum
443 1551 568 1617 obtinet
589 1552 736 1632 locuml)
774 1553 828 1618 Ab
851 1552 1119 1618 Eratosthene
1141 1563 1249 1618 autem
1270 1555 1305 1618 in
1320 1553 1405 1618 Mer-

183 1745 189 1756 ·
264 1663 354 1726 curio
384 1662 550 1728 inversum
578 1661 726 1726 ordinem
754 1661 804 1726 his
827 1660 929 1726 stellis
958 1663 1060 1726 tribui
1081 1663 1271 1745 vidimus.⁵)
1316 1663 1427 1750 Quo-v

263 1772 360 1837 modo
388 1779 564 1837 sectatores
593 1773 661 1835 eius
689 1771 724 1833 in
744 1749 988 1857 comprobanda
1013 1793 1074 1835 sua
1101 1776 1263 1837 sententia
1284 1775 1406 1838 versati

265 1881 341 1963 sint,
364 1901 557 1964 cognoscere
579 1879 657 1945 licet
679 1902 721 1944 ex
736 1880 904 1945 Macrohio
919 1881 953 1945 in
969 1881 1077 1949 Somn.
1095 1879 1216 1967 Scipi
1234 1880 1282 1964 19,
1299 1883 1318 1946 8
1334 1904 1404 1970 sqq.

265 1991 302 2056 Si
317 2011 394 2056 vero
406 1990 595 2055 Macrobius
609 1992 692 2075 Aeg
698 2013 720 2077 y
726 1991 898 2076 ptiorum
913 1990 998 2054 hanc
1013 1991 1288 2082 existimationem
1304 1991 1405 2056 fuisse

265 2099 344 2164 dicit
375 2100 408 2185 (Ι
436 2100 491 2182 19,
519 2101 636 2181 Ml,
664 2099 707 2163 94
727 2102 828 2186 sqq),
861 2122 926 2164 non
953 2101 1064 2184 magni
1091 2102 1126 2164 id
1152 2103 1308 2166 momenti
1335 2123 1405 2166 esse

218 2257 220 2262 .
264 2209 411 2273 videtur:
442 2207 538 2275 aliter
564 2219 651 2274 certe
673 2208 819 2274 Achilles
842 2231 872 2295 p.
899 2209 1001 2274 1360
1028 2210 1184 2293 τέταρτος
1211 2207 1249 2273 δὲ
1270 2207 1288 2274 ὁ
1311 2208 1405 2294 ἥλιος

264 2316 349 2414 κατ’Ι
362 2319 586 2403 Αἰγυπτίους,
614 2320 708 2396 ἕκτος
729 2316 768 2384 δὲ
789 2317 869 2383 καθ’
885 2317 1083 2405 Ἕλληναςῦ)
1112 2329 1144 2384 ο1
1171 2321 1249 2384 item
1271 2320 1405 2384 Cassius

333 2531 357 2596 1)
377 2531 488 2582 Proclus
506 2532 535 2581 in
552 2532 621 2582 Tim.
641 2551 665 2597 p.
684 2535 734 2584 258
753 2532 782 2582 C.
881 2532 907 2592 9)
926 2533 968 2580 Dc
986 2531 1166 2595 Pythagoreis
1183 2549 1210 2583 v.
1229 2531 1304 2584 Alex.
1322 2534 1404 2598 Aphr.

264 2601 292 2649 in
311 2599 393 2649 Arist.
376 2599 529 2664 t.Metaph
550 2616 574 2662 p.
594 2603 626 2649 99
646 2602 713 2649 Βοιι.
749 2601 789 2650 De
808 2598 922 2650 Eudoxo
944 2604 972 2647 et
990 2599 1135 2648 Aristotele
1152 2600 1267 2650 Proolus
1290 2602 1319 2650 in
1336 2602 1404 2656 Tim

264 2684 290 2732 p.
309 2669 358 2717 257
377 2667 399 2715 P
416 2667 473 2732 (qui
491 2665 584 2717 futiles
602 2667 683 2717 huius
702 2667 804 2718 ordinis
824 2681 921 2718 causas
940 2667 1088 2746 proponit).
1124 2666 1164 2716 De
1182 2667 1308 2717 Philoleo
1328 2667 1402 2717 Stoh.

264 2734 313 2784 ecl.
334 2737 439 2800 [sap.
456 2737 515 2788 488.
551 2734 590 2782 Of.
608 2737 690 2784 ctiam
711 2736 779 2786 Tim.
802 2737 907 2784 Locrus
932 2735 978 2799 qui
996 2735 1142 2811 diciturp
1162 2734 1244 2785 9611.
1279 2735 1354 2785 Theo
1372 2736 1404 2784 de

264 2808 330 2853 astr.
349 2819 375 2867 p.
398 2805 446 2852 194
465 2799 568 2880 (Chalc.
588 2801 630 2862 79)
655 2798 684 2853 οἱ
700 2799 799 2884 μέντοι
817 2799 1023 2884 μαθηματικοὶ
1041 2795 1094 2882 τήν
1117 2797 1199 2881 τάξιν
1217 2800 1273 2852 τῶν
1290 2805 1404 2884 πλοιαρ-

265 2865 359 2934 μένων
381 2864 447 2920 οὔτε
469 2863 589 2948 ταύτην
595 2864 662 2921 οὔτε
679 2868 733 2934 τὴν
755 2865 847 2950 αὐτὴν
869 2865 976 2928 πάντες
994 2864 1149 2925 τιθέασιν,
1165 2863 1236 2920 ἀλλὰ
1259 2865 1331 2934 μετὰ
1351 2865 1404 2934 τὴν

265 2917 387 3018 ἷτελήνῃν
406 2929 539 2988 τάττουσι
558 2929 609 2987 τόν
623 2927 723 3017 ἥλιον,
743 2931 821 3022 ὑπὲρ
839 2933 872 2988 ds
890 2936 994 2988 τοῦτον
1013 2931 1132 2987 ἔνιοι
1102 2953 1155 3000 μεν
1173 2931 1223 2988 τόν
1241 2937 1403 3003 στίλβοντα,

266 2998 328 3081 εἶτα
350 3001 401 3054 τὸν
412 3000 594 3084 φωσφόρον,
616 2995 697 3056 αλλοι
721 3001 754 3056 δε
778 3001 828 3056 τόν
851 2997 1024 3070 φωσφόρον,
1048 3000 1146 3055 ἔπειτα
1169 2997 1219 3056 τόν
1243 3005 1403 3072 στιᾛλβοντα

265 3064 332 3138 roric
352 3067 386 3122 δὲ
405 3061 547 3129 cittene
529 3089 567 3129 ως
586 3071 629 3137 alp
631 3089 708 3136 ῃ.ται
794 3072 821 3136 3)
840 3072 914 3122 Stob.
932 3072 1107 3136 οο1.191μ
1125 3073 1183 3122 448.
1255 3075 1282 3136 4)
1302 3074 1403 3123 Martin

264 3139 368 3189 Etudes
387 3153 434 3219 sur
451 3139 476 3188 le
488 3137 579 3188 Funde
599 3090 647 3188 den
649 3139 749 3190 Platon
760 3139 838 3220 Hp.
857 3141 889 3189 64
902 3155 934 3203 sq
989 3138 1028 3188 cf.
1047 3139 1113 3188 Ach.
1132 3141 1257 3203 prssD
1276 3135 1404 3221 sinapi
1443 3155 1445 3160 ·

263 3202 303 3257 τὰ
301 3203 479 3290 μετέωρα
501 3205 617 3257 δεινοί
640 3220 712 3272 φασι
730 3201 820 3268 ζιόνας
843 3201 919 3258 εἶναι
936 3155 1028 3257 darei
1029 3205 1087 3256 κτλ.
1112 3197 1194 3257 ἒντ
1217 3201 1352 3290 τετάρτῃ
1354 3207 1404 3257 τὸν

263 3273 314 3356 τρῦ
326 3271 432 3355 Ερμοῦ
450 3266 590 3338 (αστέρα),
614 3270 646 3325 ἐν
664 3273 697 3342 τῇ
715 3272 829 3342 πέμπτῃ
847 3267 898 3325 τόν
915 3272 966 3338 τῆς
981 3265 1163 3338 Ἀφροδίτης,
1178 3223 1215 3324 lv
1233 3268 1316 3325 δὲ
1285 3292 1319 3340 τῃ
1337 3269 1405 3339 ἕκτῃ

263 3339 313 3393 τόν
330 3341 381 3394 τοῦ
399 3335 491 3407 ἡλίου.
525 3342 669 3391 Platonem
688 3348 838 3408 sequuntur
855 3345 996 3406 praeterea
1021 3311 1204 3405 [Aristoteles]
1223 3340 1255 3390 de
1272 3341 1403 3398 mundo2

265 3410 354 3474 (Apul
375 3408 419 3458 de
424 3410 524 3459 mundo
542 3408 568 3473 9)
591 3416 619 3460 et
637 3409 788 3460 Alexander
810 3409 881 3487 apud
900 3407 1019 3494 Simpl'
1012 3424 1041 3457 m
1059 3408 1141 3458 Arist.
1166 3409 1250 3459 libros
1275 3407 1306 3456 de
1325 3405 1419 3457 caelo·

264 3493 290 3542 p.
307 3480 356 3527 213
375 3478 470 3526 Karst.
490 3476 547 3540 (ubi
565 3476 723 3541 Simplicius
742 3471 886 3544 γραφικόν
903 3479 1032 3540 πταισμα
1056 3481 1112 3526 stat
1102 3474 1226 3525 tuendum
1246 3475 1404 3540 suspicatur

263 3545 481 3608 contrariamque
499 3544 531 3593 de
548 3543 725 3594 Mercurioet
714 3547 848 3596 tVenere
865 3544 982 3594 sentent
976 3559 1029 3591 ram
1047 3541 1154 3592 firmare
1168 3541 1279 3606 studet).
1310 3542 1403 3592 Cicero

264 3613 311 3662 ubi
337 3611 452 3660 Balbum
480 3611 600 3660 Stoicum
630 3611 722 3676 dispt
692 3629 709 3661 u
712 3617 812 3662 tantem
839 3611 917 3674 fingit
943 3611 1053 3660 eundem
1083 3610 1255 3674 planetarum
1285 3607 1403 3659 ordinem

263 3683 372 3733 enarrat
391 3693 467 3744 quem
485 3677 578 3740 Plato,
603 3677 635 3728 de
654 3683 710 3730 nat
692 3679 841 3730 tdeorum
859 3678 886 3728 II
904 3679 919 3738 ξ
937 3679 982 3729 53:
1006 3677 1073 3726 alibi
1092 3677 1158 3726 facit
1175 3693 1235 3726 cum
1254 3675 1404 3739 Chaldaeis,

264 3748 296 3797 de
314 3748 368 3798 div.
386 3746 412 3796 Il
432 3748 501 3808 591.
523 3745 556 3795 de
573 3761 631 3810 rep
648 3747 686 3795 vl
706 3747 796 3796 17.—
813 3744 895 3796 Falso
912 3745 1023 3794 Platoni
1041 3745 1175 3794 sententia
1193 3743 1405 3795 Eratosthenica

264 3817 394 3865 tribuitur
412 3831 428 3864 a
445 3813 530 3866 Macr.
548 3814 621 3875 119,
639 3816 662 3866 9Ι
685 3817 725 3876 91,
743 3816 783 3864 91.
809 3811 883 3878 [Plut
885 3811 985 3896 ,Jdep
968 3811 1036 3876 plac.
1055 3811 1151 3876 philos
1160 3828 1196 3890 p.
1213 3813 1297 3863 889ss
1316 3812 1404 3891 (Stob.

226 3941 230 3948 ,
264 3879 528 3947 ecl.194p.512).
630 3851 779 3959 b)Ach.l
800 3897 824 3933 c.
846 3897 921 3938 τινες
940 3874 973 3930 dl
993 3873 1024 3930 ἔν
1041 3879 1076 3957 τῇ
1099 3872 1217 3964 τετάρτῃ
1238 3875 1404 3964 1ζφ’νῃ)ν
1352 3875 1404 3960 τῃν

263 3949 460 4068 Αφροδίτῃν
450 3945 596 4015 λέγουσιν,
617 3941 647 4000 ἒν
670 3947 704 4016 τῇ
722 3944 836 4014 πέμπτῃ
854 3941 932 4000 (11
904 3963 954 3998 τον
967 3939 1088 4012 Ερμῆα,
1112 3943 1143 3998 όν
1161 3943 1250 4014 dhar}
1269 3943 1336 4015 εκτη
1353 3963 1405 3998 τον

262 4009 356 4083 ἥλιον.
416 4015 428 4065 1
452 4018 487 4067 ib.
512 4033 538 4082 p.
562 4017 659 4068 1360.
694 4017 775 4066 Theo
793 4016 825 4066 da
851 4020 916 4069 astr.
942 4031 969 4079 p.
986 4017 1044 4068 996.
1073 4012 1165 4081 [Plut]
1190 4016 1222 4066 de
1233 3966 1314 4080 ῃ.μΙιιτ
1336 4013 1404 4079 phil.

263 4101 289 4150 p.
307 4088 357 4137 889
375 4083 441 4149 (τῶν
458 4083 671 4149 μαθηματικῶν
689 4084 785 4148 τινες).
814 4083 939 4134 Eundem
956 4082 1077 4134 ordinem
1088 4082 1258 4148 Pythagoras
1270 4083 1401 4134 statuisse

263 4153 444 4218 perhibetur
436 4167 466 4201 ιιι
483 4153 543 4201 vita.
561 4153 642 4214 Pyth.
661 4152 732 4217 apud
749 4151 828 4202 Phot.
848 4151 920 4201 Bibl.
938 4166 963 4215 p.
981 4150 1073 4200 439b:
1092 4151 1403 4212 sedthus(11§84),

263 4220 428 4271 Censorinus
452 4218 521 4281 1)18,
545 4218 674 4269 Sidonius
696 4217 863 4285 Apollinaris
890 4221 983 4283 (carm.
1008 4217 1051 4276 15,
1070 4220 1100 4267 61
1116 4217 1187 4283 sqq.)
1208 4217 1402 4266 Chaldaeorum

264 4289 426 4338 sententiam
444 4289 469 4336 ei
486 4257 618 4336 tribuunt.
655 4285 723 4337 Utro
745 4288 837 4352 opinio
856 4273 1048 4351 signilicetur'
1040 4302 1068 4334 ιιι
1088 4282 1186 4351 [Erat]
1205 4285 1308 4334 Catast.
1324 4287 1357 4334 43
1374 4289 1403 4333 et

264 4357 297 4405 ab
317 4355 389 4419 Hyg.
408 4354 440 4404 de
458 4361 526 4404 astr.
545 4353 631 4415 1149,
649 4370 703 4404 non
722 4354 817 4419 liquet.
915 4353 974 4417 6),‚
976 4353 1102 4404 Graecis“
1120 4353 1172 4402 hor.
1189 4351 1249 4402 loco
1268 4352 1402 4418 Platonis,

264 4439 318 4478 non
337 4422 528 4474 Eratosthenis
546 4421 636 4486 opinio
656 4421 827 4473 adscribitur.
