3354 5076
637 336 847 389 uunovruvs
1272 335 1312 400 27

173 508 340 589 ἔφασκον,
364 503 426 570 οὐκ
449 507 538 588 ἔχειν
561 506 597 570 δὲ
621 483 729 569 εἰπεῖν
750 516 812 570 ποῖ
830 528 909 570 ποτε
932 503 1111 589 ἠλάθησαν
1134 501 1189 570 διὰ
1211 502 1247 570 tri
1270 503 1314 587 μὴ

173 612 288 699 εὑρεῖν
310 621 402 699 ἴχνος
430 614 600 680 δύνασθαι
627 615 693 700 (ΙΙΙ
719 618 767 696 10,
788 616 835 699 2).
878 615 1004 695 Quidni
1032 615 1253 680 mulierculam
1281 618 1314 679 in

172 726 255 790 hanc
271 725 324 791 vel
339 725 477 792 similem
500 724 644 790 fabulam
661 725 703 789 ab
719 725 935 790 Eratosthene
953 725 1120 790 inductam
1136 747 1206 790 esse
1220 734 1313 811 pute-

172 859 260 918 mus,
290 839 360 902 sive
381 837 484 923 ipsios
506 835 640 900 invento
663 837 733 900 sive
762 836 865 900 exiis
889 832 970 924 quie
999 838 1094 901 certis
1117 834 1314 923 quibusdam

828 946 835 968 ί

172 947 250 1012 loeis
274 969 329 1014 ore
351 946 516 1014 hominum
537 945 845 1012 circumferrentur?

699 1152 788 1218 XIII

257 1281 311 1345 Et.
335 1302 376 1344 m.
403 1281 472 1360 135,
495 1281 531 1345 31
557 1276 750 1363 Ἀργαφίης·
774 1269 848 1342 οἷον
906 1371 908 1376 Ι

301 1407 481 1491 νιψάμεναι
504 1407 630 1491 κρήνης
653 1407 800 1490 ἔδραμον
818 1402 1008 1489 Ἀργαφίης.

174 1543 260 1620 τινὲς
283 1543 320 1607 δὲ
343 1539 404 1636 δια,
425 1547 486 1606 τοῦ
510 1566 538 1622 s,
567 1539 631 1606 ἀπὸ
656 1542 837 1626 Γεργοέφον
860 1545 920 1605 τοῦ
944 1542 1170 1619 Ποσειδῶνος.
1216 1536 1252 1606 tri
1278 1541 1315 1604 δὲ

176 1653 306 1730 ἐντελὲς
329 1653 367 1717 ἐν
389 1657 435 1736 τῷ
453 1650 557 1747 Ἑρμῇ

301 1787 457 1872 κρήνης
479 1791 510 1852 Γ
514 1791 733 1871 αονννίος-

175 1922 407 2009 ὁΠαρμένιος
428 1921 514 1990 ἄνευ
537 1927 596 1988 τοῦ
617 1944 651 2006 ν·
674 1920 695 2009 ἢ
718 1927 864 2000 ἔλλειψις
886 1921 952 1990 ἀπὸ
977 1925 1133 2006 ἱστορίας.

256 2035 386 2100 Nomen
408 2035 508 2102 fontis
532 2036 565 2098 in
587 2035 794 2100 hemistichio
822 2041 1014 2122 usurpatum
1038 2057 1149 2099 veram
1172 2056 1244 2098 esse
1267 2043 1313 2098 at-

176 2167 235 2230 que
257 2145 433 2230 genuinam
449 2143 585 2208 formam
602 2145 826 2210 demonstrant
839 2143 903 2209 loci
919 2146 1067 2231 quisunt
1087 2144 1175 2231 apud
1191 2144 1314 2209 Herod.

175 2255 225 2318 IX
246 2256 297 2322 25.
322 2255 373 2318 49.
395 2255 447 2320 51.
469 2255 511 2320 52
534 2263 565 2318 et
588 2254 675 2340 apud
699 2255 795 2319 Paus.
821 2255 870 2319 IX
894 2255 924 2334 4,
948 2255 982 2319 3:
1011 2263 1108 2341 atque
1137 2255 1216 2318 haec
1246 2255 1315 2318 sola

176 2366 260 2450 apud
285 2366 460 2452 scriptores
476 2367 640 2431 Romanos
655 2365 831 2431 invenitur.
867 2364 1012 2430 Alteram
1030 2386 1094 2451 qua
1109 2374 1223 2429 auctor
1238 2386 1315 2450 pon-

177 2477 304 2541 tametri
341 2499 420 2540 usus
448 2484 496 2539 est
532 2475 718 2539 invenimus
747 2475 847 2539 etiam
881 2476 969 2562 apud
997 2473 1316 2562 Alciphronem'qui

86 2618 92 2640 ·
174 2585 258 2650 huno
280 2608 411 2656 versum
435 2585 597 2673 expressit
620 2586 651 2648 in
675 2586 768 2671 epist.
792 2584 845 2648 ΙΙΙ
869 2586 885 2648 1
910 2585 947 2648 vri
971 2584 1007 2650 ot
1031 2583 1111 2649 ὅλον
1133 2585 1316 2668 πρόσωπον

177 2692 277 2772 αὐτὰς
310 2695 525 2778 ἐνορχεῖσθαι
546 2705 624 2770 ’ταῖς
652 2705 804 2775 παρειαῖς
835 2699 941 2770 εἴποις
974 2685 1016 2756 ἂν
1048 2691 1106 2770 τὰς
1135 2696 1316 2778 Χάριτας

177 2801 233 2868 τόν
258 2801 459 2890 Ὀρχομενὸν
487 2801 718 2880 ἀπολιπούσας
750 2804 806 2868 καὶ
835 2807 892 2888 τῆς
917 2802 1135 2888 Ἀργαφιάς
1163 2806 1316 2888 κρήνης

178 2911 496 2997 ἅπονιψαμένας,

257 3024 520 3107 Hemistichium,
533 3026 623 3089 cuius
639 3035 735 3111 pocta
750 3048 815 3088 non
830 3009 1025 3109 nominatur,
1038 3047 1078 3090 ex
1091 3025 1315 3091 Eratosthenis

177 3137 281 3220 potius
295 3157 389 3222 quam
402 3157 443 3200 ex
455 3135 601 3200 Philetae
614 3136 775 3200 Mercurio
788 3135 920 3214 ductum
934 3158 1004 3200 esse
1016 3145 1188 3222 propterea
1199 3136 1315 3222 proba-

178 3244 284 3310 biliter
299 3247 437 3310 coniecit
448 3245 611 3330 Bergkius
623 3249 750 3329 (comm.
763 3247 834 3309 erit.
849 3245 884 3308 ΙΙ
894 3269 924 3332 p.
937 3247 983 3330 5),
1001 3247 1078 3332 quia
1089 3247 1315 3310 Eratosthenis

178 3377 306 3420 carmen
320 3355 420 3420 multo
437 3357 557 3420 maiore
574 3355 708 3420 valebat
718 3357 922 3420 auctoritate.
961 3355 1168 3420 Contradixit
1183 3354 1315 3442 quidem

178 3465 313 3551 Bergkii
339 3467 518 3531 sententiae
546 3467 696 3550 Vngerus
723 3466 954 3550 contenditque
976 3464 1158 3529 Philotae
1187 3465 1315 3530 Mercu-

179 3577 257 3640 rium
275 3575 317 3640 ab
330 3576 514 3662 etymologo
527 3578 621 3640 citari
634 3574 731 3658 (anal.
744 3575 891 3662 Propert.
905 3599 936 3662 p.
949 3575 1017 3657 90):
1035 3575 1092 3639 sed
1108 3597 1206 3640 causa
1220 3597 1314 3661 quam

179 3685 353 3752 adfertad
382 3708 475 3750 suam
504 3685 689 3772 opinionem
712 3683 882 3749 tutandam
911 3686 991 3750 satis
1017 3685 1137 3748 friuola
1163 3693 1221 3750 est.
1267 3685 1315 3748 Εο

181 3797 262 3860 enim
284 3818 352 3860 rem
375 3795 501 3860 absolvi
524 3803 628 3881 putat,
651 3794 737 3881 quod
759 3793 852 3858 brevi
873 3803 968 3858 antea
988 3794 1076 3880 apud
1098 3792 1313 3879 etymologum

180 3907 263 3989 (135,
286 3907 340 3988 29)
364 3905 512 3970 Philetae
534 3905 593 3970 fiat
615 3905 780 3987 mentio.¹)
824 3903 877 3967 Ad
901 3903 1061 3990 liquidum
1089 3926 1166 3968 sane
1189 3895 1315 3967 confes·
1352 3926 1358 3934 ·

180 4036 311 4100 sumque
338 4037 389 4078 res
418 4015 552 4101 perduci
579 3991 701 4100 nocuit.
748 4015 781 4077 Si
811 4015 954 4099 Bergkio
980 4014 1198 4093 adsentimur,
1228 4013 1314 4076 haud

180 4122 310 4189 difficile
333 4133 383 4188 est
411 4123 452 4187 ad
477 4118 723 4210 explicandum,
753 4125 913 4210 quomodo
943 4123 1153 4210 Gargaphiae
1180 4123 1254 4188 fons
1282 4126 1313 4188 in

181 4378 196 4426 h
220 4312 333 4431 llldlle
357 4314 384 4364 id
412 4315 520 4379 quidem
548 4329 660 4378 prorsus
687 4319 789 4364 certum
818 4320 873 4363 est:
905 4314 939 4362 el.
967 4315 1085 4364 virorum
1113 4313 1253 4365 doctorum
1281 4314 1314 4363 erl

199 4419 203 4428 .
231 4397 318 4432 ‚am
