3324 5074
619 360 627 378 ⁸
706 362 868 415 ERIGONA
1317 361 1358 424 99

215 529 409 615 βαρύνεται.
461 531 615 614 σημαίνει
651 530 689 594 δὲ
721 528 784 612 τήν
805 529 973 614 κάμινον,
1005 524 1049 605 ῶς
1075 526 1166 613 παρολ
1193 532 1239 614 τῶ
1264 525 1359 608 Ἐρα-

215 640 370 706 τοσθένει

661 750 830 833 ,μέσον
853 747 886 812 δ’
912 748 1111 825 ἑξαύσατο
1133 748 1310 845 βουνόν,

215 857 323 942 ἤγουν
344 856 489 943 ὑφηῦυε.
733 939 736 948 p

301 958 435 1051 βαύνου
469 968 574 1034 codex
603 969 792 1034 Vaticanus.
834 961 968 1052 βαυυόυ
1000 978 1130 1034 exstare
1162 968 1294 1034 videtur
1327 971 1361 1033 in

217 1078 462 1164 Hamburgensi
485 1101 580 1164 quem
602 1079 710 1143 Lucas
734 1077 923 1143 Holstenius
951 1099 994 1142 ex
1017 1077 1176 1143 Vaticano
1203 1086 1240 1142 ut
1267 1088 1362 1163 putat

217 1186 390 1252 Bekkerus
407 1189 543 1273 (anecd.
567 1190 625 1254 Gr.
649 1212 681 1273 p.
707 1189 803 1272 1137)
826 1189 1059 1272 transscripsit.

303 1297 356 1361 De
378 1298 616 1382 significatione
639 1308 672 1362 et
693 1320 756 1362 usu
777 1294 868 1361 vocis
891 1296 1029 1380 βουνός,
1052 1319 1149 1381 quam
1166 1301 1281 1382 postea
1302 1298 1358 1362 ad-

216 1405 393 1472 hibuerunt
416 1407 547 1472 Heraol.
570 1407 636 1472 All.
661 1407 759 1472 Hom.
782 1407 859 1491 69¹)
883 1397 916 1470 et
937 1406 1027 1470 Max.
1051 1405 1130 1492 Tyr.
1148 1405 1252 1470 XXII
1268 1408 1298 1488 3,
1317 1409 1361 1470 of.

219 1515 302 1582 Poll.
325 1517 358 1580 X
384 1517 444 1582 100
470 1519 603 1599 βαῦνον
626 1516 669 1581 ἂν
691 1521 798 1593 είποις
825 1515 884 1581 τὸν
911 1515 1159 1600 χυτρόποδα.
1205 1515 1284 1580 Orio
1307 1516 1361 1580 Et.

217 1648 250 1710 p.
273 1625 315 1690 38
342 1628 465 1708 βκῦυοι
493 1628 528 1691 οί
552 1626 738 1710 κοίμινοι,
766 1625 857 1710 παρὰ
886 1618 925 1689 τὸ
952 1621 1025 1690 αὕω
1052 1615 1158 1700 αὖνος
1183 1622 1240 1688 καλ
1262 1629 1360 1690 πλευ-

217 1738 334 1818 νασμῷ
361 1739 423 1800 τοῦ
450 1738 626 1819 ββαῦνοι.
670 1735 781 1800 Bekk.
810 1757 862 1798 an.
891 1758 922 1821 p.
951 1734 1014 1797 222
1041 1732 1210 1815 βάναυσοι
1237 1739 1363 1820 κυρίως

218 1844 254 1907 οί
278 1842 334 1908 Oroi
362 1843 470 1927 πυρὸς
498 1844 729 1930 ἐργαζόμενοι,
758 1843 955 1930 χρυσοχόοι,
983 1847 1117 1928 χαλκεῖς
1144 1845 1200 1908 καὶ
1229 1846 1266 1910 ot
1288 1869 1381 1909 τοι-Χ

134 1939 136 1948 ⁴
217 1951 328 2034 οὗτοι,
357 1951 507 2019 ἀπὸτοῦ
536 1953 614 2032 τούς
635 1955 786 2038 βαύνους
809 1951 955 2020 ἐναύειν.
999 1955 1122 2036 βαῦνοι
1146 1951 1183 2018 δὲ
1205 1957 1359 2037 λέγονται

218 2065 255 2128 αί
279 2060 458 2148 κάμινοι.
508 2067 612 2129 ἔνθεν
635 2063 696 2130 καὶ
725 2057 882 2151 κρίβανοι
910 2063 945 2126 οἱ
973 2066 1042 2126 τῶν
1068 2067 1200 2146 κριθῶν
1227 2066 1360 2146 βαῶνοι.

217 2174 296 2238 Hes.
326 2175 540 2258 κρίβανος·
573 2169 591 2237 ὁ
617 2176 745 2256 βαῦνος
779 2175 848 2237 τῶν
877 2175 1017 2255 κριθῶν.
1069 2177 1205 2254 κριθαῖς
1229 2169 1304 2254 γὰρ,
1324 2172 1362 2237 τὸ

217 2283 386 2367 πρότερον
422 2282 589 2367 ἐχρῶντο,
626 2282 683 2346 καὶ
716 2279 868 2364 βαίνους
903 2279 961 2356 τοὶς
997 2283 1198 2364 καμίνους
1234 2283 1360 2364 ἔλεγον.

103 2415 107 2423 ’
217 2394 381 2474 βαῦνοι·
411 2392 664 2476 χυτρόποδες
686 2392 742 2457 καλ
769 2391 953 2474 κάμινοι·
983 2392 1067 2454 ἔνιοι
1090 2387 1205 2452 δὲ’καλ
1231 2386 1288 2474 ἐφ’
1313 2381 1362 2455 ῶν

199 2502 461 2582 ,ἐπικαθίζουσι
491 2503 513 2584 β
522 2506 662 2578 αῦνος·
685 2501 934 2586 χυτρόπους.
944 2500 969 2586 ²)
1007 2499 1062 2564 Et.
1079 2499 1167 2565 (1αά.
1186 2501 1256 2582 104,
1276 2503 1314 2565 10
1330 2511 1362 2566 et

168 2657 174 2670 .
217 2612 271 2680 Et.
294 2634 337 2674 m.
368 2611 444 2694 192,
470 2612 510 2676 14
544 2611 629 2696 (eod.
661 2612 765 2677 Paris.
793 2610 891 2694 2630)
925 2611 1053 2692 βαῦνος
1079 2606 1117 2672 τὸ
1145 2605 1314 2694 uriom}
1344 2608 1362 2673 ὁ

217 2721 450 2804 χυτρόπους
471 2715 493 2804 ἢ
511 2718 532 2804 ἡ
556 2720 737 2802 κάμινος.
768 2718 1360 2799 8111101.Ατὶει.Αο11.86βαύυουςόλ

217 2833 335 2913 ἔλεγον
361 2831 421 2906 τὰς
449 2831 713 2913 καμίνουςβ)Ι
745 2829 840 2895 Eust.
862 2829 904 2892 ad
927 2827 966 2892 Il.
992 2827 1061 2908 132,
1085 2828 1126 2892 33
1155 2828 1298 2891 notorior
1321 2826 1358 2899 δὲ

217 2941 348 3021 βαῦνον
369 2938 465 3023 μέχρι
487 2939 544 3002 καί
567 2937 696 3021 εἰσοίρτι
723 2938 758 3001 οἱ
778 2937 1051 3020 Πελοποννήσιοι
1079 2935 1138 3000 τὸν
1166 2941 1226 3000 τοῦ
1254 2935 1362 3020 πυρὸς

217 3049 335 3131 τόπον,
358 3045 399 3112 ὃν
421 3046 476 3112 καὶ
497 3050 679 3131 παραιτίαν
701 3045 843 3131 λε’χομεν
858 3047 1044 3122 ἰδιωτικῶς.
1082 3045 1125 3109 ad
1140 3045 1204 3110 Od.
1220 3069 1251 3132 p.
1271 3049 1361 3127 1511,

190 3145 200 3154 ²
222 3161 259 3224 13
282 3158 418 3223 καὶτὸν
441 3160 606 3242 κρίβανον
628 3154 665 3231 ὃς
688 3157 757 3222 ἐστι
779 3158 912 3240 κριθῶν
926 3159 1054 3243 βατξνος
1067 3156 1218 3220 τουτέστι
1240 3157 1360 3240 κοίμα·-

217 3263 291 3344 νος“
308 3265 392 3332 κατὰ
415 3270 538 3331 Αλλιον
556 3267 745 3331 Διονύσιον
769 3270 840 3331 κτλ.
877 3261 921 3340 ῶς
943 3261 981 3329 δὲ
1001 3266 1129 3346 βαῶνος
1150 3263 1206 3327 καὶ
1227 3260 1247 3348 ἡ
1270 3264 1361 3329 ἑστία
1473 3331 1475 3336 ,

218 3378 350 3460 λέγεται
378 3373 396 3441 ὅ
424 3378 494 3443 ἐστι
523 3376 680 3460 κάμινος,
715 3374 774 3459 ἀφ’
804 3366 844 3459 ἦς
871 3371 917 3449 ῶς
944 3372 1092 3456 ἀλλαχοῦ
1121 3371 1230 3456 ἐφιίνη
1259 3373 1360 3448 καλὸ

217 3486 405 3570 βάναυσος,
439 3482 460 3571 ἡ
487 3483 628 3571 Δωρικὴ
663 3486 701 3551 ἐν
729 3481 982 3568 Πελοποννήσῳ
1011 3485 1149 3566 γλῶσσα
1181 3483 1277 3568 μέχρι
1305 3485 1362 3548 καλ

217 3600 284 3662 νῦν
308 3598 414 3681 δηλοῖ.
452 3597 504 3665 Of.
526 3619 558 3681 p.
585 3596 676 3677 1547,
699 3595 750 3660 57.
777 3595 868 3677 1564,
884 3595 935 3658 35.
973 3593 1109 3657 Lobeok
1130 3593 1245 3658 Rhem.
1261 3617 1292 3681 p.
1313 3598 1360 3660 11..

218 3706 271 3798 De
292 3716 428 3772 accentu
449 3708 527 3771 Are.
551 3731 582 3794 p.
607 3705 777 3771 raschin.
798 3703 928 3787 βαυνός
950 3700 1032 3788 ὅπερ
1047 3703 1083 3767 οἱ
1098 3694 1238 3768 Ἀττικοί
1252 3706 1361 3786 βαρύ-

218 3833 328 3879 νουσι.
374 3816 470 3880 Patet
504 3814 593 3899 apud
623 3813 873 3880 Eratosthenem
908 3835 1023 3880 vocem
1055 3813 1142 3877 idem
1177 3812 1362 3896 significare

219 3924 305 4012 quod
327 3923 481 4008 κιίμινοςε
506 3924 592 3989 unde
615 3923 850 4009 explicationes
863 3924 941 4006 Ιπυρ
963 3932 996 3987 et
1017 3921 1207 4005 χυτρόπους
1226 3923 1361 3986 haustae

218 4035 286 4098 sint
306 4035 479 4098 nescimus.

288 4242 314 4302 1)
332 4237 500 4290 Valckenaer
518 4238 552 4289 ad
563 4238 684 4290 Ammon.
698 4253 724 4304 p.
738 4241 795 4289 215.
848 4237 874 4304 2)
893 4237 1039 4290 Praeterea
1050 4236 1122 4290 idem
1134 4234 1217 4288 tradit
1234 4229 1359 4308 βαίνη·

218 4303 339 4374 κοίμινος
352 4297 370 4372 ἢ
383 4298 583 4374 χυυεντήριον.
636 4305 663 4372 3)
680 4307 797 4358 Thomas
809 4307 881 4373 Mag.
894 4324 919 4372 p.
932 4311 981 4358 202
994 4306 1100 4358 Ritsohl
1119 4304 1225 4372 βαῦνος
1243 4301 1274 4358 τό
1293 4309 1359 4373 πῦρ.

285 4371 312 4440 4)
331 4373 370 4425 Cf.
389 4374 475 4427 schol.
494 4375 568 4426 Plut.
586 4378 643 4428 ⁷65.

1122 4457 1157 4510 7*
