3354 5076
686 291 898 344 usacvarvs
1182 348 1184 351 .
1323 291 1367 359 49

220 461 325 550 ruatis
356 460 466 542 paleas
500 482 564 525 non
599 464 672 522 eum
700 460 845 544 Bergkio
875 449 1087 525 Eratostheni
1121 459 1178 524 sed
1213 459 1368 522 Armenio

221 569 368 634 Philonis
390 569 561 655 interpreti
584 591 656 632 esse
672 568 888 654 adsignanda,
911 591 1120 656 quamsaepe
1141 570 1368 655 explicationis

222 701 321 744 causa
343 701 526 766 synonyma
548 680 719 765 repetiisse
740 687 879 743 testatur
903 679 1072 744 Aucherus
1096 681 1142 766 (p.
1166 679 1225 762 ΙΙ).

307 788 405 868 Quod
420 798 529 853 autem
545 789 587 852 ad
603 790 706 874 ipsius
723 778 952 854 Eratosthenis
968 789 1075 854 locum
1091 792 1218 874 attinet,
1235 798 1367 876 propter

223 901 364 985 speciem
393 900 462 962 eius
485 908 573 962 recte
601 901 728 963 censuit
751 900 931 984 Bergkius,
962 923 1004 965 ex
1032 900 1212 982 Mercurio,
1238 923 1304 964 non
1327 921 1369 964 ex

223 1009 307 1081 libro
330 1031 427 1097 prosa
449 1011 596 1074 oratione
619 1012 740 1096 scripto
764 1031 835 1074 eum
852 1011 989 1096 petitum
1012 1032 1094 1074 esse.
1132 1011 1183 1073 De
1199 1011 1369 1074 'sententia

222 1119 336 1183 horum
358 1120 532 1184 verborum
555 1142 597 1182 ex
620 1121 659 1183 iis
684 1142 766 1205 quae
790 1114 1020 1186 Gildemeister
1045 1142 1171 1184 mecum
1193 1121 1367 1183 communi-

223 1231 311 1292 cavit
334 1253 421 1294 nune
442 1230 562 1294 certius
585 1252 683 1316 quam
705 1241 803 1295 antea
825 1230 964 1294 iudicari
986 1239 1102 1316 potest.
1141 1228 1225 1309 Quis
1242 1229 1296 1292 ille
1319 1239 1369 1293 est

224 1340 278 1425 qui
312 1342 479 1404 miratur
507 1340 756 1424 adgrediens
790 1341 894 1404 viam
923 1340 1095 1404 lacteam
1125 1350 1217 1404 ante
1245 1337 1367 1425 pedes

225 1449 428 1546 positam?
472 1451 575 1515 Nemo
598 1450 680 1514 alius
703 1450 848 1537 profecto
871 1452 943 1536 nisi,
957 1451 1156 1532 Mercurius,
1180 1471 1275 1535 quem
1297 1471 1397 1512 eae--

223 1560 320 1624 lestes
357 1561 506 1645 regiones
549 1570 778 1646 peragrantem
817 1559 1052 1625 Eratosthenes
1095 1562 1368 1646 repraesentavit.

224 1674 295 1757 Ego
318 1673 433 1736 saltem
454 1693 521 1737 non
549 1670 721 1756 intellego,
753 1690 815 1756 quo
844 1694 942 1736 sensu
970 1671 1073 1735 verba
1100 1669 1157 1733 illa
1179 1669 1368 1735 Eratosthe-

224 1805 281 1847 nes
310 1783 352 1846 de
381 1804 416 1846 se
441 1783 513 1867 ipso
549 1780 656 1866 eloqui
691 1783 844 1867 potuerit.
901 1781 977 1862 Qua
1008 1790 1118 1860 ,autem
1150 1780 1369 1866 appellatione

224 1893 404 1958 Mercurius
433 1891 545 1974 orbem
575 1891 715 1955 lacteum
745 1872 922 1976 significet),
956 1913 1020 1956 non
1048 1901 1213 1977 apparet.¹
1246 1893 1300 1956 Ex
1328 1892 1368 1956 iis

224 2026 308 2090 quae
343 2001 544 2089 praecedunt
579 2001 739 2084 efficitur,
775 2001 921 2088 mythum
959 2001 1000 2066 de
1036 2001 1121 2065 lacte
1157 2023 1200 2066 ex
1232 1985 1368 2066 Iunonis

224 2114 380 2179 uberibus
408 2111 510 2176 effuso
540 2112 582 2176 ab
612 2133 649 2176 eo
680 2113 934 2176 commemorari.
980 2111 1072 2175 Talis
1100 2133 1178 2176 vero
1208 2113 1369 2176 sententia

225 2226 332 2288 inesse
359 2245 424 2287 non
451 2231 559 2308 potest
586 2222 621 2285 in
648 2222 689 2285 iis
719 2223 829 2286 verbis
860 2243 944 2307 quae
971 2205 1204 2286 Gildemeister
1233 2222 1367 2287 Graecis

225 2331 307 2410 Διὸς
328 2331 368 2397 roi
391 2328 537 2417 κυριακά
560 2329 600 2394 τὰ
625 2331 698 2416 leod
718 2331 916 2418 respondere
931 2330 1022 2395 dicit.
1058 2331 1169 2395 Iovis
1193 2354 1367 2416 uxorem,

224 2467 289 2508 non
304 2444 438 2508 Iovem
457 2443 700 2506 commemorari
715 2443 934 2507 necessarium
953 2451 1011 2509 est.
1042 2443 1158 2528 Itaque
1173 2442 1254 2506 haec
1266 2441 1369 2506 verba

225 2553 295 2618 sive
322 2553 468 2617 Philonis
502 2552 573 2616 sive
605 2553 793 2638 interpretis
828 2553 900 2616 sive
930 2551 1138 2616 librariorum
1172 2574 1281 2616 errore
1314 2550 1368 2616 vel

224 2664 432 2749 neglegentia
453 2662 603 2728 mutilata
624 2685 695 2727 esse
716 2674 806 2749 pute.
843 2661 979 2727 Excidit
1001 2663 1035 2725 ni
1057 2661 1154 2726 fallor
1175 2663 1287 2728 uxoris
1310 2684 1366 2727 vo·

224 2774 386 2858 cabulum,
409 2783 579 2859 praeterea
593 2772 835 2838 substantivum
849 2771 993 2856 aliquod,
1017 2794 1080 2857 quo
1095 2772 1260 2836 adiectiva
1273 2777 1368 2846 θεῖος

224 2895 257 2950 et
279 2883 368 2970 ἱερός
389 2883 443 2950 vel
466 2882 585 2948 similia
606 2884 847 2970 pertinuerunt,
871 2883 1011 2947 fortasse
1032 2881 1097 2946 alia
1118 2881 1274 2945 nonnulla
1295 2883 1366 2968 qui·

224 2997 284 3062 bus
307 2995 420 3060 fabula
442 2995 561 3058 clarius
585 2993 767 3078 significata
787 2987 860 3063 suit.

309 3106 448 3170 Prorsus
477 3107 639 3168 diversam
669 3105 766 3168 huius
794 3103 857 3168 loci
879 3103 1131 3189 explicationem
1159 3103 1366 3167 ex'Aucheri

225 3215 375 3280 versione
397 3211 562 3298 Bergkius
590 3214 711 3278 hausit.
753 3211 958 3306 Vocabulum
986 3215 1072 3276 enim
1100 3213 1187 3298 quod
1215 3211 1255 3275 roi
1284 3211 1368 3297 πρὸς

225 3328 326 3390 ποσίν
349 3324 521 3409 signifieat,
544 3324 587 3388 ab
604 3322 755 3388 Auchero
778 3343 843 3393 non
866 3323 950 3386 satis·
970 3332 1122 3387 accurate
1145 3321 1254 3413 verbis
1277 3324 1366 3387 vesti-

222 3439 278 3518 ρέα
297 3437 387 3518 pedis
413 3435 594 3516 redditum,
623 3456 688 3498 non
715 3433 756 3496 ad
785 3433 969 3520 loquentem
999 3435 1068 3516 (qui
1090 3432 1306 3497 admiratione
1331 3456 1367 3496 se

225 3554 353 3631 captum
378 3567 449 3610 esse
472 3544 618 3630 fateturd,
643 3543 701 3607 sed
722 3543 765 3607 ad
787 3543 899 3608 Iovem
921 3543 1021 3608 refert
1035 3552 1134 3630 atque
1148 3544 1226 3608 inde
1240 3545 1366 3625 statuit,
1429 3523 1431 3530 ¹

225 3657 313 3720 viam
327 3655 465 3721 lacteam
479 3653 522 3718 ab
537 3653 756 3719 Eratosthene
777 3655 881 3717 viam
902 3654 1016 3717 Iovis
1031 3654 1134 3717 fuisse
1149 3654 1365 3717 nominatam:

225 3788 308 3852 quae
330 3776 439 3830 autem
462 3765 504 3827 de
526 3764 676 3829 fabulosa
699 3764 768 3828 eius
792 3765 917 3848 origine
947 3785 967 3826 a
989 3753 1127 3828 Philone
1150 3763 1365 3828 Eratosthene

225 3884 356 3941 auctore
378 3858 549 3961 postmodo
573 3875 700 3962 prolata
723 3871 846 3956 essent,
875 3895 912 3936 ea
933 3873 1142 3960 interpretem
1167 3873 1286 3958 quippe
1306 3875 1366 3958 ‘qui

225 3986 327 4051 verba
355 3986 500 4050 Philonis
523 4007 593 4048 non
626 3982 830 4068 intellegeret
862 3982 1020 4047 omisisse.
1070 3975 1158 4046 Huic
1186 3982 1366 4047 sententiae

224 4096 383 4160 adsentiri
405 4119 470 4160 non
492 4116 641 4181 possum,
666 4096 742 4179 quia
765 4103 861 4181 poeta
883 4093 968 4158 bono
990 4092 1113 4157 iudicio
1135 4092 1302 4177 praeditus
1325 4115 1366 4155 ne

220 4207 259 4269 'm
281 4205 403 4270 fabulis
426 4205 557 4292 quidem
581 4203 743 4268 contraria
765 4202 965 4288 ineleganter
985 4203 1228 4266 commiscuisse
1250 4212 1366 4289 putan-

138 4315 143 4326 ’
224 4315 285 4380 dus
302 4325 360 4380 est.
390 4317 506 4403 Itaque
522 4337 594 4378 eum
612 4313 667 4399 qui
683 4312 846 4398 galaxiam
869 4312 931 4377 lac
952 4311 1117 4376 lunonis
1134 4333 1205 4375 esse
1219 4313 1368 4378 narravit

221 4459 223 4465 ,
274 4427 437 4469 Eratosthenes,
1145 4418 1162 4465 4
