3354 5076
292 353 334 417 62
758 354 968 410 rrunovmvs

380 525 427 586 11.
464 533 617 607 χερσαϊατ
644 547 680 608 ερ
706 547 748 588 ex
770 547 812 609 αρ
830 546 869 591 nr.
894 525 1007 589 eadem
1030 527 1104 592 Vat.
1128 563 1167 574 -
1190 523 1321 610 ἀμβατα
1336 528 1434 594 Laur.

293 644 449 748 ἀνεωβαά
473 665 547 731 Vat.
585 664 731 750 ἀμβατος
752 690 811 753 pro
834 665 1101 749 &paroeciarum
1125 671 1223 757 (quae
1238 655 1435 756 significatio

291 786 403 862 aperte
417 777 611 861 requiritur)
625 778 744 840 iustam
759 777 894 862 praebet
913 779 1054 842 mirandi
1069 801 1212 845 causam.
1249 781 1370 846 Notum
1386 791 1436 846 est

290 890 324 949 in
340 885 511 951 vocabulis
534 883 719 960 u’ruifedvog
734 884 941 961 drdfslaroe
962 885 1193 965 ἀνάπνευστος
1207 887 1434 974 ἀνάχνωστος,

291 997 319 1059 si
335 995 552 1060 Buttrnannus
575 1017 689 1060 verum
712 995 796 1060 vidit
818 997 921 1080 (ausf.
932 1021 981 1082 gr.
998 997 1143 1084 Sprachl.
1160 999 1195 1062 ll
1211 1023 1241 1085 p.
1257 1001 1345 1086 466),
1369 1001 1435 1088 ple-

290 1129 365 1169 nam
380 1103 464 1169 ἀνα·
479 1106 618 1169 formam
633 1128 729 1170 sensu
744 1108 897 1190 negativo
913 1129 985 1172 esse
1000 1110 1208 1194 servatam.¹)
1239 1109 1305 1174 Sed
1321 1113 1356 1174 in
1371 1105 1436 1193 ἀμ-

290 1215 479 1298 βατοςοοο
501 1213 591 1278 ἀνα-
615 1216 673 1280 sed
689 1213 755 1279 ἀν·
778 1226 853 1282 ante
872 1227 1104 1282 consonantem
1128 1219 1270 1303 positum
1293 1220 1434 1304 negandi

290 1327 357 1388 vim
373 1325 517 1390 liaberet.
545 1326 617 1390 Non
634 1333 741 1411 potest
754 1326 796 1390 ad
807 1326 1045 1390 defendendam
1062 1327 1296 1392 hancforma'rn
1310 1329 1434 1394 adferri
1487 1337 1494 1352 “

203 1509 204 1512 ¹
289 1432 474 1518 ἀννέφελος
497 1427 674 1520 scriptura,
703 1436 745 1499 de
768 1458 832 1522 qua
854 1437 925 1500 sine
948 1436 1048 1501 dubio
1069 1446 1156 1502 recte
1186 1437 1346 1502 iudicavit
1370 1440 1432 1503 Lo-

290 1546 428 1610 beckius
444 1569 476 1631 p.
495 1545 599 1627 1923)
630 1543 774 1611 Possunt
788 1545 929 1611 fortasse
945 1547 1069 1610 adferri
1084 1547 1148 1611 duo
1165 1547 1340 1620 vocabula:
1365 1548 1432 1612 Ho-

290 1657 444 1719 mericum
460 1652 623 1738 ἀμφασίη,
645 1657 679 1719 in
701 1679 765 1741 quo
787 1679 810 1738 μ
832 1656 976 1720 litteram
997 1657 1040 1719 ad
1055 1659 1244 1741 negativum
1265 1658 1346 1722 illud
1370 1657 1433 1722 ἀν-

290 1767 360 1830 sive
388 1763 474 1828 ἀνα-
496 1767 659 1850 pertinere
681 1765 897 1831 Buttmannus
920 1776 1014 1851 putat
1022 1767 1058 1849 ³),
1085 1778 1119 1832 et
1141 1766 1299 1854 Hesychii
1321 1749 1433 1853 glossa

238 1921 241 1928 -
290 1872 507 1958 oiyuopdc⁴)‚
532 1871 726 1958 ἀκόρεστον.
759 1875 881 1940 Verum
897 1876 976 1940 haec
992 1885 1058 1940 tam
1074 1879 1199 1964 ineerta
1214 1888 1300 1961 sunt,
1325 1887 1360 1941 ut
1375 1881 1432 1942 mi·

289 2007 361 2048 rurn
383 1984 472 2049 istud
494 1983 642 2066 ἀμβατα,
672 1987 759 2071 quod
781 1987 878 2050 etiam
901 1985 1036 2050 molesto
1059 1988 1134 2068 (etsi
1154 2009 1219 2050 non
1235 2009 1368 2071 prorsus
1384 1989 1431 2051 in·

194 2163 199 2170 ¹
288 2093 415 2178 audito)
438 2093 529 2158 hiatu
545 2117 639 2158 aures
655 2096 799 2175 offendit,
823 2096 907 2160 tueri
922 2118 987 2160 non
1002 2097 1140 2182 possint.
1171 2097 1344 2183 Emporiue
1362 2120 1430 2160 mu-

288 2207 411 2269 tatione
433 2206 513 2270 satis
529 2205 675 2270 violenta
697 2207 739 2290 ej.
755 2202 841 2268 ἀλλά
856 2206 896 2269 τά
912 2207 974 2290 μὲν
994 2206 1133 2290 χερσαῑά
1155 2227 1218 2290 περ
1238 2205 1308 2270 ὅντ’
1333 2204 1429 2290 ἀβατ’

288 2311 512 2399 ἀνθρώποισι.
550 2317 597 2379 At
620 2316 648 2379 si
664 2313 795 2397 ἀμβατα
811 2315 929 2380 falsum
945 2339 1016 2381 esse
1033 2319 1199 2396 evicimus,
1223 2316 1430 2402 proficiscen-

197 2532 199 2536 ,
289 2457 365 2521 dum
382 2481 402 2521 a
423 2458 546 2522 codicis
562 2459 714 2523 Vaticani
732 2459 882 2524 lectione.
914 2437 1070 2541 dremssui‘
1082 2460 1268 2524 nihil'aliud
1284 2484 1356 2526 esse
1367 2465 1432 2526 nisi

288 2566 466 2652 ἀνέμβατοι
488 2568 585 2631 facile
608 2570 716 2653 quivis
732 2569 812 2631 mihi
827 2568 1000 2634 concedet:
1021 2580 1119 2655 atque
1134 2570 1213 2634 haec
1228 2593 1296 2635 vox
1310 2577 1431 2658 optime

287 2672 440 2742 convenit
462 2679 652 2762 sententiae,
674 2679 739 2741 nisi
761 2679 847 2764 quod
870 2679 1054 2743 terminatio
1075 2681 1110 2740 in
1130 2680 1351 2745 Laurentiano
1374 2706 1429 2768 po·

287 2790 352 2851 sita
374 2796 505 2873 propter
527 2789 617 2873 prius
641 2789 879 2852 hemistichium
903 2811 962 2874 pro
991 2808 1070 2852 vera
1093 2789 1310 2854 existimanda
1332 2793 1429 2874 est.·'’)

287 2900 402 2980 ltaque
417 2899 643 2984 proposuerim
659 2896 743 2962 ἀλλά
758 2896 798 2963 τά
813 2900 875 2982 μὲν
890 2898 1028 2982 χερσαῖά
1043 2895 1074 2961 τ’
1090 2897 1300 2983 ἀνέμβατά
1313 2885 1351 2965 ’τ’
1368 2898 1429 2966 ἀν-

285 3007 465 3091 θρώποισι.
503 3019 657 3092 χερσαῖος
679 3008 719 3072 de
742 3009 913 3074 sterilitate
936 3009 1058 3073 dictum
1081 3011 1121 3072 iis
1145 3031 1227 3095 quae
1250 3021 1430 3097 sequuntur

287 3117 342 3179 nul
375 3114 520 3198 ὄμπνιον
558 3117 788 3200 ἀλδήσκονσαι
827 3116 959 3201 καρπὸν
992 3121 1195 3200 Ἐλευσινίης
1233 3121 1429 3204 Δημήτερος

286 3228 470 3312 oppositum
504 3237 562 3290 est.
608 3227 841 3314 Bernhardyus
875 3228 1011 3292 offendit
1040 3229 1073 3291 in
1105 3231 1164 3308 hae
1191 3231 1428 3314 significatione

285 3338 519 3423 proposuitque
542 3347 577 3401 ut
600 3329 689 3421 χέρσ’
720 3335 805 3401 ἀλλα
835 3339 1042 3402 scriberetur.
1087 3338 1152 3403 Sed
1180 3348 1217 3403 ut
1238 3329 1365 3404 taceam
1387 3343 1428 3405 de

285 3435 620 3512 insuavissimosono
643 3451 819 3513 verborum
843 3445 942 3512 ἀλλά
964 3447 1003 3512 τά
1026 3449 1088 3531 μὲν
1104 3447 1197 3534 χέρσ’
1221 3447 1339 3536 iilia:
1364 3473 1428 3537 qua

259 3557 410 3620 ,ratione
438 3557 479 3618 de
508 3558 599 3621 zonis
622 3558 687 3621 iam
714 3558 886 3644 descriptis
910 3555 996 3623 ἀλλα
1019 3559 1084 3622 diei
1112 3562 1233 3645 possit,
1262 3582 1326 3623 non
1355 3582 1426 3646 per-

285 3666 399 3750 spicio.
444 3666 526 3730 Oum
558 3667 675 3749 χέρσος
702 3668 901 3732 adieetivum
934 3671 980 3732 ita
1012 3679 1204 3756 usurpatum
1238 3679 1274 3732 ut
1307 3654 1425 3733 terram

353 3915 378 3980 1)
397 3915 483 3968 Aliter
505 3913 537 3965 de
558 3916 600 3966 his
623 3914 812 3970 iudicaverunt
831 3917 1000 3968 Hermannus
1023 3933 1117 3982 opusc.
1139 3918 1178 3968 Vl
1201 3935 1227 3984 p.
1252 3921 1301 3970 164
1322 3924 1348 3968 et
1372 3921 1424 3968 Lo·

285 3984 397 4034 lieekius
421 3982 524 4048 pathol.
547 3983 593 4035 Gr.
616 4001 695 4035 serm.
719 3985 753 4034 el.
776 4001 802 4048 p.
826 3987 882 4036 194.
991 3985 1017 4048 2)
1040 3987 1072 4036 V.
1095 3987 1195 4036 Hartel
1217 3986 1326 4037 Homer.
1349 3988 1425 4038 Stud.

284 4051 297 4099 I
317 4068 341 4114 p.
361 4054 400 4100 16.
506 4051 532 4117 3)
552 4055 574 4101 Α
594 4054 760 4102 Buttmanno
778 4053 903 4102 dissentit
920 4053 1084 4116 Lobeckius,
1104 4055 1138 4104 ab
1157 4059 1272 4120 utroque
1290 4053 1424 4106 Christian

285 4118 400 4168 Grande.
419 4119 466 4169 der
485 4135 524 4184 gr.
544 4121 635 4174 Lautl,
656 4137 680 4183 p.
702 4123 755 4172 182.
859 4122 887 4182 4)
905 4121 1062 4172 Mendaeum
1079 4123 1130 4171 hoe
1150 4139 1209 4172 esse
1227 4129 1318 4172 censet
1336 4121 1424 4170 Elms-

284 4186 361 4268 lepus
380 4186 413 4235 ad
432 4186 512 4252 Soph.
532 4189 599 4242 Oed.
619 4187 677 4238 col.
698 4191 752 4238 120.
858 4193 883 4252 5)
908 4205 935 4237 οι
958 4192 1060 4240 servari
1083 4191 1170 4256 possit
1192 4191 1334 4240 scribendo
1359 4181 1422 4238 ἀλλ’

285 4271 315 4304 αι
334 4249 387 4318 μὲν
406 4249 499 4321 χέρσον
518 4253 567 4306 καὶ
588 4249 743 4322 ἀνέμβατοι
763 4249 951 4320 ἀνθρώποισι.
989 4257 1081 4308 Possit
1099 4260 1181 4308 etiam
1201 4259 1245 4322 (ne
1266 4259 1329 4322 quid
1349 4272 1423 4320 prae-

283 4319 441 4388 termittam)
460 4323 560 4388 aliquis
578 4325 711 4388 suspicari
731 4324 870 4388 complura
888 4325 1030 4389 excidisse,
1050 4332 1081 4374 ut
1100 4319 1171 4377 ἀλλά
1190 4321 1225 4376 τά
1236 4321 1291 4390 μὲν
1304 4327 1423 4389 χερσαῖοι

283 4390 390 4440 initium
411 4406 504 4441 versus
523 4393 568 4459 sit,
589 4389 635 4440 καὶ
656 4383 813 4458 ἀνέμβατοι
833 4385 1012 4457 ἀνθρώποισι
1030 4394 1091 4444 linis
1110 4410 1203 4445 versus
1222 4393 1367 4458 sequentis.
