3354 5076
310 415 352 487 58
780 425 989 477 manuumve

250 671 254 678 ¹
310 594 498 660 beaumotris
525 594 663 659 version
692 594 842 676 scribtos,
880 596 934 675 qni
962 593 1096 659 Hamas
1130 593 1329 658 inscribitur:
1366 595 1455 658 onius

311 704 533 787 disputationis
549 704 609 768 taio
618 705 816 786 inincipinm
830 689 890 767 est:
911 701 1034 766 κεύτε
1051 703 1096 768 δέ
1109 702 1150 766 oi
1162 706 1232 767 κτλ.
1250 708 1315 786 (vs.
1332 703 1343 766 1
1364 713 1396 768 et
1407 703 1453 787 2),

276 859 278 868 ·
311 820 339 879 ct
360 819 459 879 aaran
481 833 519 878 aa
540 816 607 896 ipso
630 814 708 878 libro
730 813 930 896 requirendo.
947 814 971 898 ¹)

395 923 448 986 De
476 924 613 987 duorum
641 922 780 988 Achillis
803 921 952 988 codicum
978 919 1188 1003 lectionibus}
1217 922 1370 988 Vaticani
1396 922 1451 987 191

311 1043 344 1098 et
366 1033 580 1097 Laurentiani
602 1033 653 1114 28,
675 1033 728 1112 44,
752 1031 891 1097 Hinckii
914 1034 947 1096 et
968 1030 1094 1118 Sybelii
1117 1032 1317 1098 humanitate
1339 1035 1453 1099 certio·

310 1166 380 1218 rem
402 1164 453 1205 me
475 1142 599 1206 factum
621 1165 691 1208 esse
714 1142 778 1205 iam
801 1140 883 1206 dixi.
929 1139 1139 1226 In'margine
1161 1141 1374 1208 Laurentiani
1397 1142 1454 1226 (ad

310 1278 343 1318 v.
366 1249 485 1339 3sqq.)
507 1252 590 1317 haec
612 1251 768 1316 adnotata
791 1263 880 1318 sunt:
906 1251 956 1318 ὅτι
978 1249 1053 1316 aiud
1068 1253 1281 1336 παρελείφθη
1296 1249 1341 1329 ὥς
1356 1249 1454 1316 ddici-

309 1371 444 1446 yvuiaru
467 1360 523 1427 καὶ
546 1361 776 1445 dometium·
806 1361 992 1448 διωρθώθη
1020 1362 1059 1426 δέ
1084 1384 1160 1425 τινα
1188 1359 1267 1444 παρ’
1298 1362 1382 1442 ἐμοῦ
1409 1359 1454 1437 ὠς

310 1463 384 1536 aido
406 1495 441 1537 τε
464 1463 508 1556 ἦν
531 1469 617 1537 ὥστε
636 1474 742 1536 oniam
764 1469 825 1555 τὴν
847 1474 996 1538 ἕυυοιαυ.
1034 1471 1123 1536 Hinc
1144 1493 1262 1556 magna
1277 1471 1453 1537 difficultas

310 1584 472 1664 nascitur,
504 1583 580 1668 quia
611 1581 832 1668 compluribus
865 1582 945 1647 locis
981 1582 1162 1665 nescimuS,
1199 1591 1306 1647 utrum
1339 1580 1454 1646 melior

309 1691 520 1757 Laurentiani
541 1690 638 1756 lectio
660 1690 838 1778 archetypo
867 1714 909 1756 an
931 1691 1061 1776 ingenio
1084 1694 1152 1756 eius
1180 1693 1237 1779 qui
1260 1692 1453 1758 Laurentia-

309 1826 386 1868 num
409 1802 561 1867 exaravit
582 1800 755 1867 tribuenda
777 1802 831 1866 sit.
868 1802 1124 1866 Laurentianum
1146 1823 1189 1866 ex
1205 1803 1276 1887 ipso
1292 1801 1453 1866 Vaticano

309 1912 444 1977 fluxisse
466 1935 532 1978 non
560 1911 716 1976 arbitror:
746 1921 832 1976 certe
860 1915 943 1998 quae
971 1919 1100 1998 praeter
1127 1909 1287 1975 Achillem
1315 1919 1454 1997 utroque

309 2022 392 2087 libro
426 2023 635 2089 continentur
666 2043 799 2108 prorsus
833 2021 966 2086 diversa
998 2031 1084 2086 sunt.
1097 2019 1123 2103 2)
1171 2022 1336 2086 Deceruet
1368 2021 1452 2085 hanc

310 2135 533 2219 quaestionem
555 2133 583 2197 is
607 2133 664 2217 qui
685 2129 840 2196 lectiones
856 2133 1015 2197 maiorum
1029 2132 1137 2218 operis
1153 2129 1293 2196 Achillei
1309 2130 1451 2218 partium

308 2244 395 2308 inter
417 2265 452 2307 ae
475 2240 658 2308 contulerit.
1105 2248 1107 2252 ’
1460 2275 1465 2296 i

393 2352 453 2416 Vs,
478 2354 505 2416 1.
549 2352 588 2416 δέ
613 2352 649 2415 oi
673 2351 752 2415 Her.
782 2353 836 2416 Pr.
866 2350 902 2417 δὲ
932 2353 969 2415 ni
995 2352 1077 2417 Aah.
1127 2353 1180 2424 De
1208 2361 1294 2416 terra
1321 2361 1452 2439 poetam

308 2461 398 2547 loqui
413 2469 562 2548 apertum
578 2469 636 2526 est.
661 2498 700 2508 -
722 2461 930 2543 κεριειλάδες
949 2461 1048 2524 Laur.
1073 2459 1236 2548 naot'otdd
1258 2464 1333 2526 Vnt.
1356 2483 1452 2544 κορι-

308 2573 402 2654 ηγέος
419 2570 500 2636 Her.
523 2569 696 2653 περιυρέες
718 2573 837 2652 (ortum
853 2573 888 2634 ni
903 2569 1000 2636 fallor
1015 2593 1058 2635 ex
1073 2570 1258 2656 περιαγέες)
1281 2572 1335 2636 Pr.
1355 2574 1450 2637 Prae·
1560 2557 1568 2564 ⁶

308 2679 369 2747 tuli
390 2679 615 2762 περιειλάδες,
643 2681 718 2766 quia
739 2679 925 2766 haudquam
953 2680 1109 2750 credibile
1132 2690 1181 2746 eet
1203 2682 1375 2766 περιηγέες
1396 2704 1450 2746 vo-

308 2791 461 2856 cabulum
500 2792 749 2856 usitatissimum
758 2789 784 2874 ³)
826 2792 862 2855 in
902 2790 1108 2873 κεριειλάὸες
1146 2800 1325 2855 correctum
1362 2813 1449 2856 esse:

308 2903 507 2966 contrarium
530 2900 626 2966 facile
642 2900 711 2964 ficri
732 2901 847 2987 potuit.
870 2937 912 2948 -
935 2899 1134 2984 ἐσπείρηυτο
1149 2901 1188 2964 Β.
1211 2904 1376 2984 κείοηυθο
1397 2903 1450 2968 Pr.

308 3010 360 3074 Of.
376 3032 408 3094 p.
419 3011 472 3074 40.
496 3008 713 3108 ἐσκείρηυκυκ
731 3009 892 3074 Heracliti
908 3010 1008 3075 editio
1023 3010 1147 3075 Aldina
1162 3021 1196 3075 et
1209 3012 1383 3097 Matranga
1396 3034 1450 3080 en.

308 3120 368 3185 Gr.
396 3144 428 3206 p.
456 3120 516 3185 341
553 3120 608 3206 qui
636 3117 796 3185 Heracliti
828 3118 973 3184 codicem
989 3120 1032 3184 Ἀ
1066 3123 1243 3205 expressit:
1277 3123 1324 3186 ita
1352 3123 1450 3186 etiam

308 3232 406 3296 Laur.
430 3232 627 3316 σπείρονται
649 3229 723 3294 Vnt.

391 3341 422 3404 2.
461 3339 691 3424 κελαιυόκεραι
714 3337 854 3404 κυάνοιο
877 3337 958 3406 Aah.
982 3339 1059 3406 Ald.
1086 3339 1184 3406 Matr.
1214 3340 1450 3424 κελαιυοτέρου

307 3451 449 3514 κυάνοιο
482 3450 520 3513 Β.
553 3448 801 3536 (Bernhardyus
838 3474 869 3536 p.
907 3450 967 3515 145
1009 3449 1246 3534 κελυιυοτέρου
1283 3459 1450 3536 propter

307 3563 508 3641 γλαυκοῖο
532 3559 704 3623 κυάυοιο
735 3561 1015 3652 recipiendum
1039 3582 1124 3624 esse
1148 3559 1245 3642 dicit,
1275 3581 1448 3642 argumen-

307 3670 430 3734 tatione
452 3667 532 3732 mihi
554 3666 685 3754 quidem
709 3669 861 3733 obscura:
886 3670 1140 3756 comparativum
1164 3671 1191 3732 ai
1212 3670 1449 3749 κελαιυοτέρου

309 3780 523 3844 scriberemus
531 3825 541 3858 ‚
570 3777 659 3844 nullo
684 3777 779 3842 modo
801 3777 948 3862 intellegi
973 3787 1099 3863 posset,
1131 3800 1236 3865 neque
1258 3780 1447 3844 Eratosthe-

306 3911 365 3952 nes
393 3887 434 3953 de
463 3908 615 3952 zonarum
642 3889 809 3956 materie
837 3886 895 3951 tali
917 3889 1014 3962 modo
1042 3888 1131 3974 loqui
1159 3891 1290 3976 potuit.)
1321 3890 1447 3953 κυκνό-

307 4020 400 4081 κεραι
422 3999 476 4062 Pr.

376 4252 526 4317 1)Graeca
549 4255 630 4305 verba
653 4256 681 4305 in
704 4257 763 4306 sola
785 4256 901 4307 editione
923 4259 1048 4321 lignani,
1072 4273 1140 4323 quac
1162 4273 1177 4306 e
1200 4258 1293 4306 codice
1315 4256 1447 4305 Bobiensi

267 4363 272 4372 .
307 4322 438 4382 manavit,
458 4326 580 4372 exstant:
600 4322 628 4371 in
647 4322 752 4375 duobus
769 4326 804 4374 iis
823 4341 890 4390 quos
908 4325 1040 4376 habemus
1059 4325 1195 4375 codicibus
1213 4325 1311 4374 lacuna
1331 4329 1382 4374 est.

308 4386 334 4454 2)
354 4388 472 4438 Baudini
493 4389 574 4440 catal,
598 4388 655 4440 eod.
680 4390 725 4440 Gr.
748 4392 810 4442 bibl.
833 4393 915 4442 Laur.
934 4393 962 4443 II
984 4410 1009 4457 p.
1030 4394 1061 4440 66
1075 4409 1114 4457 sq.
1145 4391 1262 4455 Parthey
1279 4392 1446 4442 Monatsber.

216 4477 219 4482 ·
309 4457 354 4508 der
373 4458 482 4508 Pronus.
493 4455 579 4511 Aked.
594 4458 659 4508 1863
671 4473 695 4523 p.
709 4461 758 4512 375
772 4475 830 4524 sqq.
882 4458 909 4524 3)
929 4463 959 4511 V.
973 4459 1067 4510 Naelre
1086 4475 1178 4524 opusc.
1191 4455 1284 4525 philol.
1302 4460 1330 4511 II
1348 4476 1373 4525 p.
1389 4462 1445 4512 106.
