3324 5074
322 301 381 364 116
624 301 804 353 monnone
824 300 926 351 sams
945 299 1167 351 autumnum

319 470 403 533 enirn
434 468 518 532 ferat
546 447 681 534 ἑλέσθιιι
710 466 790 552 κρέα
819 491 857 533 00
886 490 948 554 quo
977 466 1019 531 ab
1047 467 1264 532 Eratosthene
1293 487 1391 531 sensu
1414 475 1464 530 est

318 577 484 665 positum?
528 578 690 664 Loquitur
718 578 759 642 de
793 578 910 642 assatis
939 577 1092 643 carnibus
1121 586 1276 663 tanquam
1304 574 1345 640 de
1372 575 1461 640 feris.

319 689 381 753 Sed
403 710 519 754 vereor
540 710 581 751 ne
603 696 678 775 post
699 689 780 768 κρέα
796 687 956 751 exciderit
977 690 1108 769 θηρῶν,
1132 686 1174 751 nd
1195 687 1280 773 quod
1303 694 1391 750 reete
1412 706 1462 748 re-

318 798 396 862 ferri
419 807 527 884 potest
548 805 698 861 neutrum
721 797 771 860 τά.
819 797 871 861 ef:
895 796 1058 862 Homerus
1087 795 1126 860 ll.
1150 800 1182 859 E
1203 796 1264 858 140
1293 790 1347 859 ἐπ’
1372 794 1461 879 εἰρο-

318 908 435 983 πόκοις
457 904 564 972 ὀίεσσι
580 947 621 956 -
636 904 676 971 τὰ
698 905 732 970 δ’
756 907 863 990 ἐρῆμα
886 908 1076 989 φοβεῖται.“
1114 905 1178 970 Sed
1202 906 1352 991 quamvis
1368 925 1461 989 saga-

318 1019 398 1081 citer
424 1016 504 1081 haee
532 1017 719 1102 excogitata
746 1016 827 1098 siut,
856 1016 966 1080 nescio
992 1025 1100 1082 tamen
1126 1037 1167 1079 an
1195 1037 1261 1080 non
1288 1023 1376 1078 reete
1398 1015 1463 1077 sint

316 1127 494 1213 disputata.
532 1125 634 1213 Apud
650 1127 827 1191 Homerum
851 1128 936 1190 inter
958 1122 1088 1190 ὀίεσσιν
1110 1135 1142 1189 01
1158 1122 1197 1190 τὰ
1219 1122 1379 1189 voeabula
1398 1122 1462 1186 dno

317 1259 431 1302 versus
456 1247 488 1301 et
510 1235 664 1300 dimidius
689 1246 764 1300 sunt
778 1235 953 1301 interieeti:
976 1244 1090 1301 eontra
1106 1235 1322 1318 audaeissime
1338 1231 1462 1298 dietum

317 1357 404 1411 esset
426 1356 502 1433 post
523 1350 643 1430 θηρῶν
657 1347 692 1408 in
709 1367 746 1409 eo
762 1346 818 1433 qui
834 1347 943 1410 statim
962 1345 1108 1432 sequitur
1124 1367 1221 1409 versu
1243 1341 1283 1406 τιλ
1300 1343 1418 1406 ἕλοντο
1427 1343 1474 1424 1)λ

317 1467 414 1543 atque
443 1456 477 1521 id
506 1478 576 1520 meo
606 1454 720 1520 saltem
752 1455 874 1520 iudicio
903 1454 1004 1521 multo
1032 1455 1140 1518 minus
1169 1452 1339 1518 ferendum
1367 1473 1462 1539 quam

317 1566 525 1651 neglegentia
559 1564 631 1648 illa,
667 1566 708 1628 de
738 1587 803 1652 qua
836 1565 974 1630 fortasse
1006 1565 1103 1628 nimis
1134 1585 1249 1628 severe
1275 1561 1462 1626 Meinekius

316 1676 486 1742 iudicavit.

814 1876 968 1941 XXXVI

404 2002 513 2069 Schol.
537 2002 631 2087 (BV)
656 2001 695 2067 Il.
718 2003 819 2066 T233
843 2004 912 2067 ἔστι
934 2003 972 2068 δὲ
994 1999 1014 2086 ἡ
1038 2002 1124 2080 λέξις
1140 2000 1332 2087 (ὀκρυντύς)
1354 1998 1463 2066 Ἀντι-

317 2113 499 2198 μάχειοςλ)
543 2115 681 2197 χαίρει
709 2111 752 2177 di
783 2108 849 2176 καλ
874 2109 1172 2196 Ἐρατοσθένης
1199 2123 1287 2186 ταῖς
1316 2111 1462 2174 τοιαύ-
1504 2133 1506 2136 ·

318 2245 407 2298 καις
431 2223 648 2306 ἐκφοραῖς,
672 2212 716 2297 ὦς
738 2219 775 2286 τὸ
798 2219 928 2305 πολλὴ
952 2220 1266 2305 ἀντιμαχηστύς.

403 2331 503 2418 Apud
526 2330 740 2398 Villoisonum
764 2333 882 2396 vitiose
905 2328 1463 2417 00010100]101101νκιμνιχιστύς.-

318 2436 414 2516 πόλις
441 2438 512 2504 ἀντ.
544 2451 663 2505 temere
693 2443 736 2527 ej.
758 2439 970 2504 Blomfieldus
995 2442 1036 2504 ad
1060 2439 1190 2505 Gallim.
1212 2440 1244 2504 h.
1268 2443 1301 2505 in
1324 2443 1387 2525 Ap.
1411 2441 1461 2505 94.
1510 2484 1513 2490 ·

319 2546 426 2632 πολλὴ
449 2547 482 2613 d'
506 2547 753 2634 α’ντιμαχησκύς
767 2547 1049 2637 Bernhardyus'p.
1067 2551 1138 2614 167.
1176 2549 1240 2620 Sed
1257 2572 1299 2614 ex
1313 2552 1373 2615 hae
1389 2573 1462 2616 con-

318 2662 456 2741 iectura,
485 2682 559 2725 oum
581 2659 714 2726 minime
737 2660 781 2725 sit
802 2658 960 2724 credibile
981 2660 1189 2725 Eratostheni
1219 2657 1464 2745 ἀντιμκχησιύς

317 2771 431 2834 ultima
453 2778 602 2857 correpta
624 2769 834 2857 placuisse3),
857 2791 973 2834 versus
995 2769 1140 2835 insuavis
1165 2771 1304 2835 exsistit.
1348 2771 1462 2857 ltaque

319 2881 479 2966 suspicor,
509 2880 603 2965 plura
624 2881 710 2944 inter
731 2879 795 2943 duo
818 2879 980 2944 vocabula
1001 2881 1122 2946 omissa
1144 2878 1215 2950 esse
1238 2893 1271 2947 et
1299 2882 1406 2963 πολλὴ
1429 2881 1461 2944 in

318 2989 423 3073 initio,
446 2985 691 3072 ἄντιμαχηστύς
711 2989 746 3051 in
768 2989 831 3052 fine
853 2990 1034 3054 hexametri
1057 2991 1200 3077 positum
1223 2990 1334 3054 fuisse.

402 3098 614 3164 Memorabile
642 3109 692 3163 est
719 3101 799 3163 istas
829 3098 949 3164 formas
979 3102 1075 3164 etiarn
1102 3099 1191 3187 apud
1217 3109 1461 3186 praeceptorem

319 3209 546 3274 Eratosthenis
569 3206 656 3272 haud
678 3208 898 3295 infrequentes
921 3209 1039 3274 fuisse:
1065 3209 1105 3272 ef.
1129 3209 1293 3274 Ruhnken
1317 3209 1358 3273 ad
1377 3208 1461 3273 Call.

318 3319 350 3382 h.
374 3321 408 3385 in
431 3319 492 3407 Ap.
515 3319 566 3383 94.
603 3318 719 3382 Naeke
741 3319 777 3382 ΙΙ
799 3343 829 3405 p.
852 3320 958 3405 82sq.
981 3359 1022 3366 —
1049 3320 1101 3383 De
1124 3334 1164 3382 σι
1184 3318 1303 3384 litteris
1325 3319 1359 3383 in
1382 3339 1462 3383 vooe

319 3425 566 3512 α’ντιμαχηστύς
587 3452 618 3492 v.
642 3428 813 3493 Blomfield
842 3428 940 3514 gloss.
964 3428 1083 3494 Aesch.
1112 3428 1199 3514 Sept.
1223 3431 1295 3493 641.
1329 3429 1462 3494 Curtius

291 3589 293 3596 ,
320 3536 467 3601 Grundz.
492 3537 549 3600 der
571 3537 692 3634 grieeh.
716 3537 825 3624 Etym.
852 3563 884 3625 p.
906 3541 978 3604 575.
1478 3561 1485 3572 ⁸

800 3757 973 3822 XXXVIl

327 3907 331 3918 ’
403 3893 482 3956 Ath.
506 3891 522 3954 l
545 3915 576 3979 p.
592 3891 612 3954 2
627 3892 659 3956 Α
687 3895 780 3956 ΤΙΜ.
805 3889 917 3975 αὐτός,
940 3863 1152 3977 ὥἈθήνκιε,
1175 3893 1384 3978 μετειληφώς
1405 3898 1464 3976 τῆς

321 4003 424 4081 καλῆς
448 4001 578 4086 ἐκείνης
607 4004 791 4077 συνουσίας
812 4006 881 4065 τῶν
912 4006 978 4066 νῦν
1001 4001 1255 4086 ἐπικληθέντων
1283 4005 1463 4068 δειπνοσο-

389 4257 412 4319 1)
431 4257 543 4308 Diversi
562 4264 626 4308 sunt
638 4259 719 4309 etiam
733 4258 800 4309 tales
812 4258 865 4308 loci
879 4259 968 4324 qualis
982 4264 1023 4310 est
1035 4259 1067 4310 Il.
1080 4261 1103 4309 Λ
1116 4276 1142 4311 v.
1157 4262 1214 4311 245.
1267 4259 1293 4324 2)
1312 4253 1413 4327 ἄττικὴ
1429 4263 1461 4328 Β,

320 4324 389 4374 unde
403 4325 488 4375 falsus
501 4332 542 4375 est
556 4325 710 4376 Meinekins
724 4327 795 4376 anal.
810 4326 883 4376 Alex.
899 4344 923 4391 p.
935 4329 992 4378 263.
1039 4328 1065 4392 3)
1078 4328 1169 4378 Naeke
1183 4329 1315 4394 opuse.II
1325 4344 1350 4394 p.
1363 4331 1409 4378 181
1421 4344 1462 4394 sq.
