3354 5076
680 448 890 500 urnaovarvs
1168 483 1174 488 .
1257 462 1258 466 ¹
1315 447 1357 512 53

215 615 369 700 πυγμήν,
392 613 600 699 παγκράτιον
623 615 678 678 καὶ
701 611 741 679 τοὶ
762 614 877 678 λοιπά·
912 613 973 698 ἀφ’
998 605 1046 678 οἷν
1070 615 1226 698 εἰρῆσθαι
1248 615 1357 680 πάντα

215 723 311 792 ὀκτώ.
357 725 470 791 Habes
493 725 594 810 igitur
615 726 758 811 quinque
780 723 1030 810 explicationes:
1059 715 1195 812 quarum
1223 725 1292 792 sola
1319 749 1358 790 ea

214 858 302 923 quae
318 836 361 900 ad
384 834 597 900 certaminum
619 815 887 922 Olympiaccrum
909 858 1029 921 genera
1047 815 1206 923 pertinet,
1237 836 1265 901 si
1291 859 1357 902 non

215 970 303 1029 vcra,
328 945 440 1028 saltem
464 967 528 1010 non
550 946 661 1031 inepta
684 953 742 1009 est.

298 1057 339 1120 In
362 1055 557 1141 exponenda
578 1057 660 1120 mira
681 1052 738 1120 illa
761 1055 909 1120 doctrina
931 1057 971 1121 de
994 1055 1180 1130 caelestium
1204 1057 1356 1144 sphaera-

213 1191 286 1232 rum
308 1174 467 1232 concentu
483 1165 715 1232 Eratosthenes
731 1165 899 1230 Platonem
922 1167 956 1232 in
979 1189 1016 1230 eo
1040 1176 1171 1232 secutus
1187 1177 1247 1252 est,
1270 1167 1357 1254 quod

214 1278 298 1343 sicut
318 1276 374 1342 ille
396 1299 461 1342 non
483 1266 587 1340 solum
603 1274 741 1363 planetis
766 1276 823 1341 sed
845 1277 943 1342 etiam
960 1275 1125 1342 stellarum
1141 1279 1357 1343 inerrantium

214 1389 370 1474 sphaerae
385 1408 501 1452 sonum
515 1385 641 1451 tribuit.
678 1386 730 1451 Ita
752 1388 839 1450 enim
857 1386 952 1454 Plato
968 1387 1040 1452 Oiv.
1058 1387 1092 1452 X
1108 1411 1138 1474 p.
1155 1388 1216 1452 617
1232 1386 1276 1452 B:
1301 1386 1357 1452 ἐπὶ

214 1498 250 1564 δὲ
273 1497 341 1562 τῶν
363 1494 500 1562 κύκλων
522 1491 786 1566 antoninorum
802 1493 858 1578 ἐφ’
882 1494 1057 1562 ἑκάστου
1078 1497 1260 1580 βεβηκέναι
1276 1503 1355 1563 Σει-

215 1611 301 1692 ρῆνα
323 1604 674 1690 συμπεριφερομένην,
698 1602 819 1689 φωνην
840 1608 922 1687 μίαν
945 1607 1054 1671 ἱεῖσαν
1076 1603 1143 1670 ἄνα
1165 1605 1282 1671 τόνον·
1318 1608 1356 1682 ἐκ

214 1715 332 1782 πασῶν
354 1713 392 1779 δὲ
414 1711 513 1794 ὀκτώ
537 1713 650 1780 ον’σαῑν
672 1719 754 1801 μίαν
768 1714 938 1800 ἁρμονίαν
955 1716 1159 1800 ξυμφωνεῐν.
1170 1717 1194 1799 ¹)
1232 1717 1299 1781 Alii
1317 1753 1354 1766 -
1442 1773 1445 1780 .

213 1837 312 1913 atque
334 1847 371 1891 ea
393 1825 553 1890 vetustior
568 1825 631 1891 fuit
645 1826 755 1912 opinio
763 1827 787 1909 ²)
804 1865 844 1876 -
861 1826 937 1892 solis
953 1826 1094 1913 planetis
1110 1827 1356 1892 consonantiam

212 1937 325 2001 mundi
349 1935 436 2001 effici
463 1935 704 2022 putaverunt.³)
754 1935 823 2001 Alii
849 1959 926 2002 vcro
953 1937 987 2001 in
1010 1937 1180 2002 tractanda
1201 1959 1356 2023 perversa

212 2048 273 2122 liae
295 2047 432 2112 scientia
453 2047 589 2111 rationis
617 2054 786 2132 tantopere
809 2058 961 2133 expertes
985 2069 1020 2112 se
1049 2047 1296 2134 praestiterunt,
1320 2058 1357 2112 ut
1454 2087 1456 2096 ,

211 2157 425 2222 adnumerata
458 2157 556 2222 etiam
584 2165 670 2220 terra
700 2155 846 2242 sphaeris
878 2158 1070 2222 sonantibus
1104 2178 1222 2220 novem
1256 2169 1355 2223 voees
1391 2182 1393 2186 ¹

212 2267 266 2333 edi
288 2266 497 2354 perhiberent
505 2267 546 2350 ⁴);
575 2267 628 2330 cui
656 2267 838 2330 sententiae
860 2266 950 2332 Theo
979 2266 1177 2333 luculentum
1201 2289 1243 2352 ex
1266 2277 1354 2333 vete·

212 2400 283 2442 rum
313 2377 449 2441 scientia
478 2374 612 2470 opponit
639 2385 884 2458 argumentum:
912 2373 1015 2459 ἣέττὶ
1043 2379 1103 2440 τοῦ
1125 2377 1230 2460 μέσον
1259 2377 1355 2442 ἐστὶν

212 2484 380 2571 ἀκίνητος,
403 2480 479 2550 οὐδ’
503 2481 588 2561 ὅλως
609 2495 702 2549 aocet
721 2485 878 2570 φθόγγον
902 2490 950 2573 (p.
977 2486 1037 2550 190
1058 2485 1192 2568 Mart).

719 2722 840 2787 XVIII
887 2751 894 2760 ·

295 2867 378 2931 Aeh.
402 2867 476 2930 Tat.
498 2890 530 2952 p.
556 2867 617 2930 152
633 2868 663 2930 A
690 2864 853 2948 μέμνηται
876 2862 1042 2930 (1ὲαύτοῦ
1069 2843 1156 2950 (axis
1180 2864 1354 2947 mundani)

206 2975 447 3060 Ἐρατοσθένης
470 2975 508 3038 ἐν
530 2979 576 3059 τῷ
593 2971 695 3059 Ἑρμῇ
719 2972 828 3057 λέγων

295 3105 421 3195 αὐτὴν
443 3109 600 3193 μένμιν
623 3075 956 3195 ἔτετμεμσσηρεα
974 3080 1353 3197 ααντὸρὈλύμπου,

296 3221 471 3304 κέντρον
494 3216 571 3284 ἀπὸ
590 3221 787 3304 σφαίρας·
814 3217 881 3286 διὰ
905 3217 935 3284 δ’
959 3218 1352 3305 ἄξονοςηρήρειστο.

294 3364 354 3430 Vs.
380 3365 408 3430 1.
453 3360 559 3448 αὐτὴν
586 3356 834 3450 ααφΒονςΙςίο
864 3365 1007 3447 (Ztschr.
1035 3365 1060 3428 f.
1089 3365 1122 3428 d.
1153 3364 1240 3429 AW.
1272 3367 1353 3430 1850

209 3501 239 3564 p.
267 3475 341 3562 177)
363 3475 405 3540 ad
429 3482 567 3556 terram,
590 3496 655 3539 non
683 3482 719 3539 ut
740 3473 973 3559 Bernhardyus
1004 3475 1049 3560 (p.
1076 3474 1149 3555 144)
1179 3484 1289 3540 censet
1309 3475 1352 3540 ad

210 3587 351 3652 mediam
373 3595 480 3650 terrae
503 3607 617 3650 zonam
640 3583 846 3648 referendum
870 3592 931 3649 est:
965 3606 1070 3668 neque
1099 3585 1184 3649 enim
1211 3585 1292 3650 haec
1318 3588 1352 3650 in
1398 3576 1400 3582 ¹

210 3697 366 3782 sphaerae
399 3696 551 3764 caelestis'
580 3704 693 3760 centro
727 3695 791 3759 sita
825 3716 894 3759 esse
927 3703 1002 3781 apte
1036 3694 1200 3761 diceretur
1234 3696 1280 3778 (v.
1308 3696 1352 3759 ad

209 3828 258 3869 vs.
283 3788 359 3891 οφ).
387 3843 428 3854 -—
457 3804 559 3872 Verbi
587 3807 700 3889 ἔτετμε
727 3805 908 3870 subiectum
936 3803 1169 3892 Bernhardyus
1197 3805 1349 3871 Mercu-

278 4079 303 4144 l)
323 4077 362 4128 Cf.
381 4077 436 4128 Cic.
455 4077 487 4128 de
506 4091 563 4143 rep.
581 4078 619 4128 VI
639 4080 677 4128 18.
708 4079 791 4129 Maer.
811 4079 840 4128 in
859 4077 949 4129 Somn.
970 4077 1040 4144 Seip.
1060 4079 1129 4130 114.
1215 4076 1244 4142 2)
1262 4079 1349 4130 Zeller

207 4151 251 4201 die
275 4147 379 4198 Philos.
404 4144 453 4195 der
475 4144 520 4196 Gr.
542 4147 556 4196 I
579 4162 604 4210 p.
628 4148 686 4197 373.
788 4147 816 4209 3)
840 4146 882 4197 Cf.
906 4163 933 4212 p.
955 4149 986 4196 41
1010 4145 1071 4200 adn.
1095 4149 1120 4197 2.
1159 4141 1248 4196 Varro
1270 4145 1348 4197 Atao.

209 4217 281 4283 apud
299 4215 366 4266 Mar.
385 4214 456 4266 vict.
476 4229 501 4277 p.
514 4215 546 4264 60
564 4213 633 4263 Keil.
669 4213 771 4264 Nicom.
789 4216 881 4269 Herm.
900 4232 926 4278 p.
939 4218 979 4265 33.
1014 4213 1126 4265 Cassius
1144 4215 1198 4264 Dio
1216 4214 1349 4266 XXXVII

211 4289 249 4336 18.
290 4280 382 4350 [Ptol]
413 4282 506 4332 Harm.
534 4281 576 4332 111
602 4283 639 4331 16.
679 4280 788 4331 Censor.
817 4285 859 4337 13.
883 4286 907 4333 5.
1026 4280 1054 4345 4)
1081 4282 1254 4346 Pythagorae
1279 4282 1349 4332 haue

208 4353 360 4417 opinionem
388 4350 547 4401 adscribunt
576 4348 647 4398 Plin.
666 4354 723 4398 nat.
746 4349 810 4398 hist.
833 4350 860 4400 11
883 4353 896 4411 5
919 4351 952 4399 84
970 4355 997 4399 et
1026 4349 1106 4401 Ceus.
1128 4352 1166 4400 13.
1208 4348 1248 4400 Cf.
1271 4366 1296 4415 p.
1315 4353 1346 4399 41

208 4422 270 4472 adn.
291 4423 315 4470 2.
352 4419 423 4470 Plut.
445 4417 477 4467 de
504 4433 547 4468 an.
571 4430 658 4483 prccr.
688 4433 713 4482 p.
736 4417 804 4478 1028
826 4418 855 4467 F.
895 4416 960 4472 neh.
983 4418 1044 4470 Tat.
1071 4435 1097 4484 p.
1127 4419 1174 4468 136
1191 4417 1225 4467 Ι).
1264 4418 1347 4468 Arist.

207 4490 301 4554 Quint.
317 4489 331 4538 I
349 4504 374 4552 p.
385 4488 427 4541 21.
