3354 5076
309 383 348 448 12
768 383 980 436 uuscvmvs

305 551 439 638 lucrm)
469 553 523 638 (Il.
548 556 579 616 P
597 551 673 635 399)
704 545 748 627 ὡς
777 551 808 614 εἰ
835 551 927 632 ἔλεγε
956 546 1056 632 χωρὶς
1079 543 1135 631 ἐφ’
1158 543 1348 630 ἑκάστουῖ)
1393 548 1446 613 cf.

250 653 265 752 ¹¹
306 662 406 728 schol.
435 662 498 728 Od.
529 687 549 727 κ
571 662 635 725 212
662 657 728 725 ολπδ
755 664 817 725 τοῦ
844 663 1080 743 πληθυντικοῦ
1108 662 1169 748 τοῦ
1198 657 1334 740 δυ’ματα
1363 655 1448 741 πρὸς

306 770 419 838 ἑνικὸν
441 759 479 837 τὸ
506 774 600 856 δεῖμα
628 766 837 854 ὑπήντησεν,
865 764 915 844 (λς’
930 765 968 832 τὸ
990 769 1050 851 ,,ε’ξ
1072 766 1195 852 ἑτέρων
1217 765 1304 853 ἕτερ’
1331 767 1446 832 ἐστίν(ι

306 885 341 967 (ρ
364 883 458 968 266)·
488 877 557 946 εἶτα
581 880 734 964 ἐπιφέρει
757 877 844 962 „oria
867 873 910 942 ’ἄν
931 882 980 953 τίς
1001 901 1060 962 μιν
1082 876 1203 961 οἰνηρ.“
1240 876 1262 962 ἢ
1283 878 1361 962 περὶ
1383 874 1445 941 αδ-

272 1027 282 1034 ·
305 990 366 1076 τὴν
383 989 446 1076 τὴν
461 994 601 1074 Κίρκην.
640 991 748 1076 (Hanc
768 991 906 1053 alteram
926 990 1226 1074 interpretationem
1248 988 1446 1052 reiciendam

304 1124 376 1167 esse
397 1124 512 1167 versus
536 1109 706 1186 sequentes
730 1099 978 1183 demonstrant.)
1012 1096 1118 1162 Schol.
1144 1098 1240 1181 9268
1262 1119 1337 1180 μινε
1363 1095 1446 1162 αὐτὸ

304 1209 342 1276 τό
365 1212 471 1294 δῶμα.
507 1210 570 1274 His
593 1209 695 1294 igitur
717 1206 809 1290 locis,
832 1207 969 1274 fortasse
993 1209 1091 1272 etiam
1113 1208 1352 1296 significatione
1374 1207 1465 1300 plu·-

304 1320 365 1385 rali
393 1321 592 1407 pronominis
621 1321 694 1402 νίν,
727 1318 916 1384 Zenodotus
944 1318 1105 1383 adductus
1133 1340 1205 1383 esse
1234 1316 1381 1400 videtur,
1409 1326 1447 1382 ut

304 1439 436 1516 putaret
457 1431 515 1514 μίν
537 1453 595 1515 pro
618 1428 723 1511 σφέας
744 1427 833 1492 nullo
857 1427 1045 1494 discrimine
1068 1428 1133 1493 dici
1156 1450 1262 1514 posse.
1300 1429 1445 1492 Ariston.

304 1541 347 1606 ad
364 1540 403 1605 ll.
422 1543 454 1602 K
466 1540 524 1602 127
550 1539 621 1620 (ἵνα
636 1537 701 1622 γάρ
717 1525 800 1621 σφιν
817 1536 1011 1621 ἐπέφραδον
1026 1535 1284 1622 ἠγερέθεσθαι);
1309 1537 1359 1601 ὅτι
1376 1542 1447 1621 Ζη-

304 1648 444 1724 νόδοτος
465 1649 589 1734 γράφει
610 1672 691 1731 μιν.
736 1630 806 1712 Ιἔστι
836 1647 872 1712 δὲ
900 1645 1014 1712 ἑνικὸν
1043 1645 1080 1711 τδ
1109 1652 1178 1732 μίν.
1223 1647 1382 1730 βούλεται
1409 1647 1446 1712 δὲ

304 1756 484 1842 ὁποιητὴς
506 1756 562 1822 διδ
585 1761 646 1822 τοῦ
668 1761 751 1840 σφίν
774 1753 889 1834 αὐτοῖς
912 1760 1107 1843 euphroni)
1152 1758 1362 1823 Eratostheni
1385 1756 1447 1821 hac
1525 1789 1530 1805 1

304 1868 344 1948 de
368 1891 402 1931 re
425 1890 498 1931 cum
514 1868 682 1933 Zenodoto
698 1868 890 1932 convenisse
905 1867 987 1933 alter
1001 1878 1088 1932 certe
1111 1868 1249 1932 duorum
1274 1890 1354 1954 quos
1376 1867 1445 1931 dixi

304 1999 457 2044 versuum
473 1978 542 2040 eius
566 1977 745 2043 luculenter
771 1977 924 2042 ostendit.
962 1977 1080 2043 Postea
1102 1980 1136 2041 in
1151 1977 1318 2063 Apollonii
1341 1979 1445 2062 Argo·

249 2083 251 2088 ’
303 2089 443 2154 nauticis
465 2087 605 2151 eundem
627 2110 722 2152 usum
747 2089 796 2152 bis
819 2066 1111 2173 deprehendimus:
1135 2089 1153 2152 I
1175 2089 1236 2151 941

915 2224 953 2288 ἐν
975 2223 1013 2287 δέ
1033 2224 1069 2288 ολ
1088 2220 1209 2288 eiurat

389 2331 592 2417 ἀμφίδυμοι,
607 2343 744 2414 κεῖνται
767 2330 800 2395 δ’
824 2331 911 2416 ὑπὲρ
933 2331 1058 2409 ὕδατος
1079 2334 1263 2418 Αἰσήποιο·

379 2440 533 2529 Ἄρκτων
554 2465 624 2526 μιν
646 2442 827 2505 καλέουσιν
850 2440 930 2526 ὅρος
951 2443 1250 2527 περιναιετάοντες.

256 2579 454 2653 ,[18,

389 2713 445 2777 καὶ
468 2713 504 2777 δὲ
526 2713 601 2778 τότε
624 2714 722 2795 προτὶ
745 2717 810 2795 νῆα
833 2713 935 2796 κιών,
959 2714 1058 2798 χρειώ
1081 2739 1151 2799 μιν
1175 2713 1314 2798 ἐρέσθαι

390 2827 579 2907 ναυτιλίης,
603 2820 686 2888 οἵτ’
712 2819 796 2906 εἶεν,
820 2821 1067 2909 ὑπερβασίῃσιν
1090 2821 1235 2890 ἄτισσεν.

214 3036 216 3041 ,
303 2969 371 3034 Vbi
387 2967 487 3034 schol.
511 2964 548 3030 τό
570 2969 640 3050 μίν
663 2959 776 3032 ἑνικὸν
791 2966 868 3032 ἀντὶ
883 2973 1117 3052 πληθυντικοῦ
1133 2974 1193 3033 τοῦ
1209 2963 1344 3052 αὐτούς,
1368 2966 1445 3046 rods

304 3076 430 3162 ἥρωας·
466 3076 609 3142 δύναται
632 3077 668 3140 δὲ
691 3077 747 3141 καὶ
770 3076 884 3142 ἑνικὸν
907 3074 1011 3160 εἶναι,
1039 3080 1095 3143 ἴνα
1118 3079 1195 3162 περὶ
1217 3083 1278 3143 τοῦ
1299 3077 1445 3161 Ἀμύκου

195 3179 206 3204 ’
304 3186 470 3272 λάβωμεν.
509 3188 576 3252 ἔδει
591 3183 655 3269 yolo
678 3183 784 3251 αὐτὸν
799 3183 859 3251 τδν
870 3185 1023 3270 ’Ἀμυκον
1039 3189 1205 3271 ἐρωτῆσαι
1225 3180 1304 3263 τούς
1318 3185 1442 3272 ἥρωαςῑ

304 3298 478 3364 secundam
502 3297 691 3384 explicandi
713 3299 871 3362 rationem
887 3297 1103 3362 »falsissimam
1126 3320 1196 3362 esse
1211 3301 1270 3362 vix
1292 3297 1444 3383 estquod

244 3435 248 3439 '
303 3430 460 3473 moneam.

388 3517 614 3582 Eratosthenis
630 3517 865 3582 derivationem
883 3519 973 3582 vocis
990 3517 1164 3602 φωριαμ-ός
1180 3518 1311 3583 minime
1327 3519 1444 3605 impro-

302 3628 444 3694 bandam
467 3649 537 3692 esse
560 3626 792 3713 Bernhardyus
817 3636 942 3710 censet3
965 3640 999 3692 at
1021 3630 1049 3692 si
1073 3629 1151 3716 quid
1173 3628 1270 3692 video
1277 3677 1286 3710 ,
1309 3651 1350 3693 ne
1372 3630 1444 3714 ipse

303 3738 434 3825 quidem
458 3737 689 3802 Eratosthenes
712 3758 771 3823 pro
794 3759 871 3800 vero
887 3739 1012 3819 habuit,
1036 3730 1209 3821 φωριαμός
1228 3739 1377 3826 primitus
1393 3761 1444 3802 ar-

303 3871 375 3914 cam
396 3847 839 3912 res-furtivas'continentem
856 3848 1073 3931 significasse:
1096 3849 1194 3913 immo
1214 3848 1442 3935 etymologiam

303 3980 366 4021 non
390 3959 474 4022 serio
497 3959 554 4022 sed
570 3955 642 4023 lusu
659 3958 786 4043 poetico
802 3959 979 4043 proposuit.
1024 3959 1075 4023 Of.
1097 3959 1137 4023 de
1153 3958 1275 4026 talibus
1290 3959 1444 4024 Meineke

372 4150 397 4210 1)
416 4147 495 4196 immo
514 4144 580 4196 ἵκοι.
684 4151 712 4207 2)
735 4123 832 4196 hlelius
854 4147 969 4197 dixisset
987 4165 1036 4212 μιν
1058 4148 1091 4197 ad
1115 4149 1199 4199 solam
1217 4148 1366 4198 Minervam
1384 4162 1443 4197 esse

261 4242 267 4250 =
302 4215 479 4265 referendum,
583 4213 609 4274 3)
632 4215 727 4279 Neque
744 4230 808 4264 vero
833 4231 917 4266 causa
935 4219 1005 4278 erut,
1030 4233 1078 4266 cur
1100 4217 1229 4267 Lehrsius
1252 4215 1334 4280 (apud
1352 4215 1442 4264 Fried-

301 4281 469 4343 lacnderum)
489 4281 572 4329 otiam
590 4281 713 4332 scholion
731 4283 765 4332 ad
784 4285 805 4332 A
824 4287 856 4334 73
875 4276 1049 4348 (Ζηνόδοτος
1068 4278 1174 4351 γράφει
1193 4275 1243 4345 ,,ὁ’ς
1260 4298 1310 4346 μιν
1326 4271 1441 4346 ἀμειβό-

302 4365 386 4412 μενος
405 4344 475 4400 ἔπεα
492 4343 647 4411 πτερόεντα
665 4342 846 4416 προσηύδα“)
865 4351 956 4402 eodem
974 4351 1101 4402 referret:
1120 4353 1159 4400 ibi
1178 4352 1249 4400 enirn
1263 4350 1295 4399 de
1309 4349 1443 4414 singulari

304 4418 454 4468 Zenodotus
473 4417 606 4482 cogitasse
625 4417 736 4467 videtur.
