3324 5074
725 334 935 388 MEROVRIVS

345 504 448 568 Prisc.
473 504 555 568 Inst.
579 503 697 568 11125

387 659 458 721 erpo
480 640 563 704 iuter
584 639 658 704 sob's
679 641 843 705 stationem
865 644 893 704 et
913 640 1019 704 adero
1040 641 1152 721 septem

387 753 567 830 caparronia
587 751 668 814 iocct
689 750 785 819 tellus,
829 751 902 814 baie
923 751 1040 814 antimo
1060 749 1157 830 (locta

388 857 523 942 Oceani,
546 861 678 923 tutator
700 857 846 941 Neptuno
868 860 1004 942 sopitur
1026 879 1093 922 ora.

345 993 437 1072 Quae
460 993 501 1055 de
516 993 737 1058 Eratosthenis
753 993 915 1058 Mercurio
938 993 1107 1079 explorata
1128 993 1298 1072 habemus,
1320 991 1403 1055 nihil

261 1103 355 1166 nobis
387 1102 545 1187 praebent
577 1104 663 1188 quod
697 1125 769 1166 cum
804 1104 891 1167 hisce
924 1103 1082 1166 Varronis
1115 1099 1266 1168 iersibus
1300 1103 1403 1187 possit

262 1213 450 1298 comparari.

345 1319 424 1384 Isid.
448 1320 490 1382 de
511 1330 578 1385 nat.
600 1342 708 1385 rernm
732 1323 778 1412 10ἱ

388 1437 580 1537 utquisque
601 1457 748 1520 aetheriis
768 1459 856 1521 roais
877 1458 1051 1539 ocnnpitor
1073 1458 1169 1535 orbec,

324 1641 327 1646 Ι
385 1586 425 1629 ne
446 1570 574 1630 oostont
593 1567 677 1630 imos
697 1567 811 1630 hiemes
832 1568 1027 1646 mediamque
1049 1567 1182 1630 colmes:

387 1677 432 1739 sic
454 1669 556 1739 terroe
577 1679 730 1739 extremos
751 1678 834 1740 inter
855 1677 1049 1756 mediamque
1071 1677 1215 1740 colantur

387 1801 483 1866 qoam
505 1785 579 1848 solis
600 1785 705 1849 ualido
727 1806 893 1868 nunqnam
908 1788 928 1866 l
944 1790 981 1850 ot
1001 1786 1128 1866 uosmet
1148 1787 1228 1867 ipae.

345 1927 511 1991 Habemus
535 1929 633 1992 etiam
649 1927 874 1993 Eratosthenis
897 1931 975 2015 ipsa
995 1927 1095 1993 verba
1117 1928 1235 2013 quibus
1259 1930 1402 2013 quinque

261 2059 360 2102 nonas
376 2037 532 2102 describit
546 2038 600 2124 (fr.
617 2037 731 2122 XIX).
767 2037 832 2103 Sed
851 2041 923 2124 quis
944 2039 1118 2103 contendat
1135 2037 1314 2102 Varronem
1329 2039 1400 2100 imi·

261 2156 362 2212 tatum
394 2169 465 2211 esse
492 2145 575 2212 hanc
608 2146 886 2234 descriptionem?
943 2149 1019 2212 Res
1047 2169 1126 2211 sane
1153 2146 1287 2211 eaedem
1313 2144 1402 2232 apud

261 2265 448 2342 utrumque:
476 2255 590 2321 sedin
613 2257 663 2320 his
685 2279 751 2320 non
773 2257 865 2322 licuit
887 2257 1066 2344 quidquam
1089 2267 1223 2322 mutare.
1267 2255 1402 2320 Verba
1431 2263 1434 2272 ⁴

261 2377 369 2432 autem
392 2367 620 2452 descriptionis
643 2361 868 2432 Varronianae
889 2368 1103 2433 brevissimae
1125 2387 1198 2431 cum
1213 2366 1401 2458 Eratosthe-

263 2477 312 2539 nis
337 2477 539 2540 enarratione
561 2476 651 2540 nullo
674 2477 769 2542 modo
791 2478 932 2543 conferri
955 2486 1102 2565 possunt.
1157 2477 1161 2490 '

345 2568 462 2672 Itaque
484 2587 669 2651 desinamus
695 2586 827 2652 tandem
854 2571 1060 2669 existimare,
1084 2588 1265 2651 Varronem
1288 2587 1399 2650 Erato—

262 2697 385 2761 sthenis
401 2696 595 2761 imitatorem
615 2697 729 2762 fuisse:
754 2698 841 2783 quod
856 2699 929 2762 ideo
945 2696 1139 2761 monendum
1155 2696 1247 2778 duxi,
1271 2695 1348 2781 quia
1367 2697 1401 2759 in

260 2806 353 2870 libris
377 2807 456 2870 satis
479 2806 591 2870 multis
614 2816 647 2871 et
669 2808 902 2899 vetustioribus
926 2816 958 2871 et
973 2805 1158 2872 recentibus
1180 2805 1263 2868 hanc
1277 2806 1400 2890 opinio·

261 2936 345 2998 nem,
369 2937 451 3002 quae
466 2917 555 2981 nulla
570 2926 659 2981 certa
674 2917 799 2981 ratione
814 2918 938 2999 nititur,
961 2916 1034 3004 plus
1050 2917 1197 2981 minusve
1212 2915 1401 2980 dubitanter

244 3027 463 3113 propositam
490 3028 609 3091 inveni.
660 3026 795 3091 Meliore
825 3028 895 3092 iure
922 3028 1089 3112 Roeperus
1121 3027 1274 3107 coniecit,
1308 3024 1399 3089 Ale-

261 3135 407 3199 xandri
444 3135 611 3222 Ephesii
644 3146 793 3222 poemate
824 3139 1006 3202 Varronem
1038 3159 1110 3202 esse
1143 3158 1237 3202 usum
1271 3134 1400 3217 (Philol.

262 3245 383 3310 XVIII
399 3269 430 3331 p.
446 3245 537 3330 433):
562 3268 637 3309 nam
660 3247 831 3312 consilium
846 3270 924 3312 sane
946 3249 1115 3332 utriusque
1137 3245 1289 3309 carminis
1313 3243 1400 3306 idem

260 3355 364 3420 fuisse
378 3355 519 3419 videtur.
553 3355 661 3420 Nolim
677 3365 784 3421 tamen
796 3357 970 3422 Atacinnm
987 3359 1250 3442 interpretem
1266 3351 1401 3439 Ephesii

262 3464 389 3528 dicere:
422 3485 504 3550 quae
532 3467 617 3529 enim
645 3467 687 3530 de
713 3469 924 3553 sphaerarum
951 3474 1110 3536 concentu
1137 3465 1179 3530 ab
1207 3464 1247 3528 iis
1276 3463 1401 3550 prolata

261 3575 417 3657 habemus
444 3597 549 3660 neque
581 3577 667 3661 quod
697 3576 739 3641 ad
765 3573 817 3642 res
845 3598 952 3663 neque
980 3576 1065 3662 quod
1093 3576 1135 3640 ad
1163 3556 1402 3640 verba-attinet

258 3685 439 3770 quidquam
460 3706 628 3749 commune
649 3685 814 3768 habent.¹)
839 3725 891 3750 -.

345 3794 497 3880 Denique
520 3794 584 3859 duo
607 3795 669 3860 loci
694 3797 773 3860 mihi
796 3797 998 3861 memorandi
1020 3804 1097 3860 sunt
1119 3817 1199 3881 quos
1222 3793 1292 3857 sine
1309 3793 1402 3884 ¹iusta

262 3925 359 3967 causa
380 3904 444 3968 viri
467 3905 554 3969 docti
577 3904 618 3968 ad
642 3907 869 3971 Eratosthenis
891 3905 1088 3971 Mercurium
1111 3901 1330 3967 rettulerunt.'

346 4014 430 4077 Aah.
452 4015 524 4079 Tat.
541 4039 571 4101 p.
591 4016 691 4079 158ss
716 4014 1011 4098 ἐπραγματεύσατο
1034 4010 1072 4076 δὲ
1093 4013 1169 4096 περὶ
1191 4009 1323 4096 ἀνέμων
1345 4012 1401 4076 καὶ

258 4121 507 4208 Ἐρατοσθένης.
1299 4108 1303 4114 ’

332 4366 356 4430 1)
375 4365 407 4416 V.
424 4363 496 4415 Theo
516 4365 570 4415 Sm.
590 4380 615 4428 p.
637 4365 684 4415 186
697 4381 737 4430 sq.
755 4363 864 4415 Martio.
