3324 5074
726 355 936 407 nanavmvs
1363 355 1403 420 75

261 527 394 612 Nempe'
414 521 543 608 putavit
570 522 821 607 Eratosthenes,
849 545 868 586 a
897 522 1029 588 Cratino
1058 523 1249 589 umbilicum
1276 519 1403 609 phialae

261 634 443 721 comparari
465 653 539 696 cum
561 633 661 696 totius
685 631 766 697 tholi
781 631 941 697 balnearii
963 633 1080 716 forma,
1105 635 1239 719 eiusque
1261 635 1401 700 auetori-

262 753 362 808 tatem
384 740 614 826 Asclepiadem
637 750 669 805 et
689 741 870 828 Didymum
893 738 1021 808 secutos
1045 764 1115 807 esse
1131 743 1320 808 Athenaeus
1344 766 1402 809 nos

262 854 373 919 docet:
403 851 594 916 Timarchus
623 872 700 914 vero
728 874 793 916 non
806 847 808 850 ’
821 851 927 916 tholos
950 853 984 916 in
1013 849 1288 938 comparationem
1310 853 1401 918 adiri-

260 963 332 1028 beri
354 962 492 1045 censuit,
516 961 574 1025 sed
597 959 767 1026 umbilicos
789 979 906 1026 aeneos
930 963 1106 1026 emissariis
1122 963 1302 1048 impositos.
1336 963 1401 1028 Eo·

262 1073 336 1137 dem
356 1081 507 1160 ‘spectare
530 1070 667 1157 Apionis
697 1080 729 1134 et
751 1070 923 1154 Diodori¹)
952 1073 1253 1158 interpretationem
1283 1064 1402 1156 φιάλαι

262 1179 355 1246 notul
378 1170 426 1246 ain
453 1178 470 1245 ὁ
494 1177 646 1264 ὀμφαλὸς
672 1176 906 1265 παραπλήσιος
932 1179 1031 1266 ἠθμῷ
1060 1184 1190 1267 egregie
1212 1181 1400 1247 Meinekius
1434 1237 1436 1241 ,

262 1293 508 1359 demonstravit.

345 1403 480 1468 Praeter
508 1401 718 1466 Timarchum
752 1403 851 1467 etiam
877 1402 1175 1467 Parmeniscum
1208 1411 1400 1468 commenta·

261 1513 326 1579 rios
348 1514 382 1577 in
398 1511 596 1577 Mercurium
618 1507 838 1603 composuisse
853 1511 1017 1595 Berghius
1032 1513 1220 1580 arbitratur.
1230 1513 1255 1596 ²)
1293 1513 1400 1577 Huius

201 1615 204 1621 ’
262 1623 427 1709 opinionis
457 1629 557 1686 u'num
585 1631 812 1707 argumentum
840 1644 905 1686 non
935 1621 1072 1686 multum
1094 1621 1204 1686 valere
1226 1643 1323 1709 supra
1345 1621 1399 1685 de·

230 1761 238 1778 „
260 1733 440 1797 monstravi
466 1733 513 1818 (p.
536 1733 603 1818 29).
648 1733 796 1796 Alterum
826 1731 971 1817 Berglrio
1000 1726 1219 1818 praebuerunt
1245 1733 1308 1798 loci
1337 1732 1401 1796 duo

261 1842 396 1928 Hygini.
427 1841 479 1906 De
494 1849 571 1922 astr.
589 1839 624 1903 II
639 1843 660 1905 2
674 1847 783 1924 postea
798 1847 902 1907 autem
917 1845 954 1907 cle
967 1846 1079 1926 septem
1091 1844 1196 1925 stellis,
1217 1849 1254 1908 ut
1268 1842 1400 1909 Parme-

261 1955 366 2017 niscus
388 1953 442 2030 ait,
467 1954 603 2033 quinque
625 1956 653 2016 et
673 1954 786 2034 uipinti
807 1958 881 2017 sunt
900 1975 922 2018 a
943 1953 1130 2035 quibusdum
1142 1947 1310 2037 'astrolopr's
1331 1974 1400 2019 eon-

261 2064 400 2140 stitutae‚
433 2067 468 2125 ut
493 2081 588 2126 ursae
614 2064 740 2146 speeies,
774 2082 838 2127 nou
868 2068 980 2145 septem
1006 2064 1166 2128 stellarum
1187 2065 1399 2146 perficeretur.

260 2171 295 2236 ΙΙ
318 2173 358 2236 13
382 2170 605 2237 Parmeniscus
627 2177 731 2238 autem
752 2175 808 2257 ait,
833 2172 983 2239 Melissea
1003 2173 1159 2254 quenulam
1179 2173 1277 2254 fuisse
1291 2172 1402 2240 Cretae

242 2303 377 2365 repam:
405 2282 450 2346 acl
476 2283 541 2370 eius
555 2283 656 2364 filias
682 2282 790 2347 Ionem
817 2283 1020 2347 nutriendum
1047 2301 1109 2346 esse
1139 2283 1292 2347 delatam:
1320 2303 1400 2365 quae

262 2395 345 2474 quod
366 2394 414 2458 lac
434 2412 499 2457 non
520 2392 702 2475 habuerint,
725 2412 856 2474 capram
878 2394 906 2457 ei
928 2393 1101 2472 admisisse,
1124 2391 1326 2457 Amaltheam
1346 2412 1400 2456 no-

261 2503 353 2580 mine,
377 2523 456 2583 quac
478 2522 547 2565 eum
570 2503 685 2584 elicitur
707 2503 859 2571 educasse.
901 2503 983 2568 hane
1004 2508 1107 2568 autem
1127 2503 1266 2594 peminos
1287 2503 1401 2568 haedos

260 2613 386 2676 solitam
408 2631 469 2676 esse
487 2631 662 2694 procreare,
686 2617 715 2676 et
733 2611 798 2692 sere
816 2634 849 2677 co
864 2618 997 2695 tempore
1012 2613 1176 2694 peperisse,
1201 2631 1260 2692 quo
1277 2610 1400 2694 Iupiter

261 2723 447 2786 nutriendus
480 2725 523 2786 est
549 2722 685 2788 adlatus.
734 2724 841 2804 itaque
867 2727 993 2804 propter
1025 2722 1205 2804 beneficium
1233 2722 1346 2784 matris
1373 2724 1401 2804 et

261 2833 516 2913 haerlospuaque
544 2833 626 2896 iuter
647 2833 752 2896 sidera
780 2833 947 2897 collocasse.
992 2831 1122 2896 Liceret
1150 2849 1227 2895 sane
1254 2829 1336 2894 haec
1357 2829 1399 2893 ad

260 2940 414 3006 Mercurii
436 2942 736 3028 interpretationem
752 2941 883 3021 referre,
907 2942 935 3004 si
957 2941 992 3004 in
1006 2939 1067 3004 hoc
1082 2941 1224 3004 carmine
1239 2949 1400 3004 astrorum

261 3052 382 3135 figuras
411 3052 595 3114 accuratius
624 3059 781 3116 tractatas
811 3050 911 3114 luisse
940 3052 1106 3116 sciremus.
1151 3051 1191 3115 Id
1219 3071 1302 3142 vero
1326 3071 1399 3112 cum

260 3159 349 3223 nulla
371 3159 495 3223 ratione
518 3158 605 3224 effici
620 3163 733 3246 possit,
757 3161 866 3247 potius
882 3160 920 3224 de
935 3160 1135 3225 Parmenisci
1158 3159 1398 3224 commentariis

260 3267 446 3334 Homericis
468 3269 678 3354 cogitandum
707 3271 782 3356 (quo
812 3269 894 3335 duos
918 3269 990 3335 illos
1018 3271 1105 3336 locos
1134 3270 1282 3333 revocari
1304 3289 1400 3353 posse

262 3380 361 3445 etiam
388 3379 552 3464 Bergkius
586 3378 757 3464 concedit).
807 3381 916 3466 Atque
943 3379 978 3443 id
1006 3387 1178 3465 propterea
1210 3399 1313 3464 paene
1341 3399 1399 3462 pro

261 3498 349 3554 certo
376 3489 576 3570 habendum,
605 3491 681 3575 quia
709 3498 845 3575 uterque
872 3488 961 3555 loeus
990 3512 1063 3555 cum
1096 3488 1400 3556 commemoratione

261 3599 396 3664 Homeri
424 3609 493 3664 arte
520 3599 679 3666 cohaeret.
729 3600 875 3664 Priorem
898 3600 980 3664 enim
1010 3579 1188 3687 sequuntur
1215 3600 1308 3666 haee:
1339 3602 1400 3664 ila-

262 3731 319 3791 qne
347 3714 375 3774 et
400 3711 467 3792 ille,
505 3712 681 3792 qni‘antea
706 3711 890 3792 plaustrum
917 3731 1045 3792 septiens
1071 3712 1185 3776 Bootes
1220 3711 1399 3793 appellaba-

261 3825 322 3898 tur,
345 3819 560 3902 Arctophylaca
587 3824 632 3884 est
652 3821 766 3899 aliatus,
795 3825 823 3885 et
849 3822 960 3886 iisdem
988 3822 1175 3904 tenporibus
1198 3821 1309 3903 quibus
1330 3818 1399 3883 Ho-

261 3948 365 3993 merus
384 3928 448 4008 fuit
474 3929 549 3992 ham
570 3928 683 3994 Aretes
710 3935 754 3994 est
780 3931 947 4012 appellata.
993 3933 1029 3995 cle
1050 3930 1327 4013 Septemtriouihus
1348 3929 1400 3993 ille

261 4039 345 4102 eriim
368 4039 450 4116 (licit,
474 4039 556 4103 hane
577 4043 707 4119 utroque
728 4041 852 4104 nornine
873 4046 901 4104 et
915 4039 1035 4104 Arcton
1056 4045 1084 4104 et
1098 4038 1285 4104 Plaustrum
1299 4017 1398 4102 rioriii-

261 4149 353 4212 nari:
375 4147 506 4212 Baetem
528 4153 631 4212 autem
652 4169 811 4230 enumquam
825 4151 966 4214 meminit
978 4148 1209 4232 Arctophylaca
1226 4148 1399 4213 nominari.

330 4316 355 4382 l)
373 4318 541 4369 Herodori
559 4334 653 4369 nomen
672 4319 848 4369 substitutum
866 4324 907 4369 est
925 4320 953 4369 in
971 4318 1214 4372 editione'Aldins.
1278 4319 1303 4384 2)
1323 4317 1399 4369 Com-

261 4392 343 4436 ment.
362 4387 419 4440 crit.
438 4388 467 4438 11
485 4403 510 4450 p.
530 4389 554 4438 5.
578 4387 656 4438 Anal.
671 4386 749 4437 Alex.
767 4387 795 4436 11
810 4403 836 4452 p.
855 4391 894 4438 19.
