3324 5074
696 343 859 396 ERIGONA
1305 340 1347 403 95
1414 362 1418 370 ·

204 533 304 598 γουσι
326 518 365 598 τῇ
388 517 491 599 φορᾷ,
515 511 719 595 σβέννυνται
742 509 774 573 δ’
798 507 927 592 ἀλόγως
941 509 1102 585 πολλάκις
1123 505 1179 573 καὶ
1201 510 1346 572 πίπτου-

206 643 260 689 σιν
283 622 500 708 ἀτυχέστατοι.
546 621 762 687 Contenditur
784 629 892 685 autem
913 642 933 683 a
948 620 1095 704 Longino
1118 629 1154 684 ut
1176 626 1251 682 ante
1273 639 1347 681 cum

205 734 348 799 Homero
370 728 565 818 Apollonius
593 733 627 794 in
656 731 749 817 epico
781 751 914 814 genere,
945 751 1023 794 mox
1051 750 1124 792 curn
1147 726 1347 814 Bacchylide
1390 790 1392 795 .

203 843 365 907 Pindarus
388 843 423 905 in
444 840 571 922 melico,
593 863 667 904 cum
690 839 851 926 Sophocle
874 838 935 904 Ion
957 838 1059 903 Chius
1076 839 1116 904 ‚in
1137 839 1274 922 tragico,
1299 837 1347 900 ita

204 974 279 1018 cum
301 949 497 1018 Archilocho
519 948 755 1030 Eratosthenes
777 948 811 1014 in
833 949 987 1033 elegiaco.
997 949 1021 1032 1)
1065 947 1160 1028 Quae
1188 947 1228 1011 de
1249 967 1346 1030 argu-

204 1071 384 1126 mentorum
404 1061 594 1126 diversitate
609 1046 782 1123 Heclrerus
804 1069 901 1122 tanta
911 1057 1034 1122 fiducia
1047 1057 1182 1144 profert,
1203 1055 1347 1122 absurda

204 1181 298 1252 sunt,
318 1193 395 1236 cum
414 1193 457 1236 ex
477 1169 666 1234 Archilochi
690 1160 803 1253 elegiis
832 1169 971 1253 exiguus
999 1189 1152 1233 versuum
1179 1187 1344 1248 numerus,
1402 1177 1409 1186 ’

204 1302 245 1344 ex
260 1280 488 1345 Eratosthenis
504 1277 648 1362 Erigone
669 1279 738 1343 fere
752 1277 834 1341 nihil
849 1278 999 1364 supersit.
1035 1278 1216 1341 Potuerunt
1236 1286 1346 1340 autem

202 1391 243 1461 in¹
269 1389 331 1454 hoo
364 1398 513 1474 poemate
538 1387 694 1452 nonnulla
721 1389 845 1471 inesse,
879 1386 982 1451 veluti
1010 1389 1079 1451 vini
1107 1387 1178 1451 laus
1206 1394 1262 1450 aut
1289 1385 1344 1448 de-

160 1499 162 1503 ’
204 1501 338 1585 scriptio
357 1497 599 1563 lamentationis
616 1506 689 1583 post
703 1496 802 1561 Icarii
817 1485 954 1562 mortem
972 1505 1113 1577 exortae,
1137 1517 1220 1582 quae
1235 1516 1343 1580 quam·

205 1610 257 1672 vis
280 1608 413 1674 diversa
434 1608 477 1673 ah
493 1607 606 1692 elegiis
621 1605 810 1671 Archilochi
825 1607 1050 1692 comparari
1072 1615 1180 1670 tamen
1202 1603 1343 1690 quodam

203 1719 299 1784 modo
316 1741 388 1782 cum
403 1739 468 1781 uno
490 1717 638 1782 alterove
652 1715 841 1780 Archilochi
856 1715 926 1781 loco
944 1717 1065 1781 liceret.
1100 1715 1251 1801 Denique
1266 1735 1344 1780 vero

200 1825 397 1912 Ἀντιμάχου
418 1825 502 1890 illud
523 1826 565 1891 ab
581 1825 733 1890 Heckero
756 1827 957 1911 propositum
974 1826 1001 1889 si
1016 1825 1173 1890 traditum
1190 1834 1344 1906 exstaret,

203 1937 282 2024 ferri
304 1937 363 2002 vix
384 1946 505 2024 posset.
548 1935 744 2000 Necessaria
771 1936 857 1998 enim
885 1945 933 1998 est
960 1936 1046 1999 inter
1068 1934 1244 2018 Homeros,
1267 1935 1343 1997 Pin-

203 2047 316 2130 daros,
339 2046 532 2133 Sophocles,
556 2043 793 2108 Demosthenes
817 2043 921 2108 divini
952 2043 1089 2108 alicuius
1115 2046 1237 2129 ingenii
1259 2045 1344 2108 com-

202 2157 408 2222 memoratio:
442 2157 488 2220 ita
519 2164 628 2218 autem
662 2154 702 2217 de
730 2153 927 2218 Antimacho
958 2156 1120 2219 iudicasse
1154 2157 1343 2241 scriptorem

201 2264 305 2349 libelli
334 2265 375 2328 de
404 2263 620 2344 sublimitate,
653 2265 769 2328 scitum
797 2263 912 2327 harum
941 2287 1047 2328 rerum
1077 2265 1344 2346 existimatorem,

203 2375 276 2461 quis
299 2375 425 2458 estqui
449 2373 511 2438 sibi
534 2372 753 2460 persuadeat?
791 2374 929 2437 Accedit
950 2374 1196 2460 quodThebais
1213 2375 1255 2439 ab
1270 2373 1343 2438 Eri-

202 2506 291 2568 gona
311 2505 376 2548 non
397 2483 493 2548 modo
516 2491 705 2567 argumento
729 2482 788 2547 sed
815 2484 914 2548 etiam
936 2486 1044 2570 poesis
1067 2507 1186 2570 genere
1209 2484 1273 2549 fuit
1294 2484 1343 2548 di-

173 2586 176 2592 ’
202 2616 313 2677 versa3
341 2615 447 2678 neque
469 2591 808 2679 praetermittendum,
838 2593 879 2657 de
901 2596 1006 2680 poetis
1034 2595 1136 2682 epicis
1159 2595 1344 2678 Longinum

202 2705 268 2768 iam
290 2704 427 2785 dixisse,
449 2702 492 2766 ad
514 2724 657 2768 novum
679 2724 782 2786 genus
806 2703 835 2765 ei
857 2704 1091 2768 transeundum
1115 2726 1193 2768 esse.
1218 2740 1260 2750 -

291 2813 340 2876 De
362 2813 467 2876 Icario
490 2821 522 2875 et
536 2812 681 2895 Erigona
701 2811 782 2875 haec
805 2821 912 2876 exstat
933 2814 1077 2878 narratio
1099 2815 1134 2876 in
1148 2813 1280 2878 scholiis
1301 2812 1344 2876 ad

204 2921 245 2987 Il.
268 2927 300 2986 X
319 2923 376 2986 29:

284 3028 425 3115 Ἰκάριος
446 3029 542 3113 γένος
562 3029 625 3114 μὲν
647 3018 690 3113 ἦν
703 3029 901 3120 Ἀθηναῖος,
931 3033 1006 3122 ἔσχε
1029 3025 1065 3096 δὲ
1087 3031 1260 3116 θυγατέρα
1281 3056 1343 3116 μο-

203 3143 325 3225 νογενῆ
342 3137 534 3226 Ἠριγόνην,
556 3137 627 3224 ἥτις
648 3139 736 3204 κύνα
751 3142 875 3225 νήπιον
889 3143 1019 3226 ἔτρεφε.
1058 3141 1190 3219 ξενίσας
1211 3143 1251 3207 δέ
1262 3163 1344 3207 ποτε

204 3249 222 3314 ὁ
242 3249 380 3335 Ἰκάριος
396 3249 458 3314 τόν
473 3248 647 3314 Διόνυσον
669 3252 790 3332 ἔλαβεν
812 3249 871 3315 ἀπ’
896 3249 1002 3315 αὐτοῦ
1024 3247 1120 3315 οἶνόν
1140 3273 1176 3314 τε
1198 3251 1255 3315 καλ
1277 3247 1342 3335 άμ-

202 3360 307 3424 πέλου
330 3362 449 3443 κλῆμα.
494 3356 578 3424 κατά
601 3360 638 3423 δὲ
659 3357 719 3435 τάς
740 3363 802 3424 τοῦ
822 3361 909 3424 θεου
929 3357 1107 3444 ὑποθήκας
1128 3356 1259 3443 περιῄει
1280 3357 1343 3446 τὴν

201 3475 284 3554 γῆν,
308 3471 509 3554 προφαίνων
530 3465 593 3552 τὴν
613 3475 675 3533 τοῦ
695 3470 873 3534 Διονύσου
895 3470 1010 3554 χάριν,
1030 3472 1125 3552 ζἔχων
1148 3470 1214 3534 σόν
1235 3467 1344 3556 ἑαυτῷ
1404 3545 1406 3549 ,

202 3576 261 3644 τόν
283 3579 382 3644 κόνα.
429 3579 611 3662 γενόμενος
638 3577 675 3643 δὲ
698 3574 793 3653 ε’κτός
813 3582 872 3661 τῆς
893 3579 1023 3652 πόλεως
1047 3579 1226 3660 βουκόλοις
1247 3575 1343 3644 οἶνον

202 3690 384 3771 παρέσχεν·
421 3689 456 3752 οἱ
481 3688 517 3751 δὲ
546 3684 680 3772 ἀθρόως
710 3687 983 3771 ἐμφορησάμευοι
1011 3688 1047 3751 οἱ
1069 3688 1133 3772 μὲν
1161 3690 1207 3765 εἰς
1227 3687 1342 3771 βαθὺν

203 3796 315 3862 ὕπνον
337 3796 542 3882 ἐτράπησαν,
566 3797 601 3862 οἱ
620 3796 658 3860 δὲ
674 3796 954 3881 περιλειπόμενοι,
977 3801 1177 3882 νομίσαντες
1197 3798 1340 3862 θανάσι-

202 3930 268 3991 μον
299 3901 384 3971 εἶναι
412 3907 593 3991 φάρμακον
620 3903 658 3970 τό
686 3907 792 3991 πόμα,
828 3907 1035 3991 πλάσσοντες
1063 3907 1256 3990 ἐφόνευσαν
1283 3903 1342 3970 τόν

198 4014 354 4102 Ἰκάριον.
409 4013 487 4100 μεθ’
522 4012 650 4099 ἡμέραν
684 4015 721 4100 δὲ
758 4016 942 4104 νηφόντων
974 4013 1087 4079 αὐτόν
1119 4015 1343 4098 καταγνόντες

151 4191 154 4194 .
202 4125 333 4192 ἑαυτῶν
356 4125 403 4200 εός
424 4123 540 4209 φυγὴν
563 4122 764 4209 ἐτράπησαν.
808 4121 826 4189 ό
849 4126 886 4190 δὲ
909 4127 1004 4208 κάων
1025 4120 1238 4208 ὑποστρέψας
1258 4121 1343 4210 πρός

272 4363 297 4432 1)
315 4365 405 4416 Verba
422 4370 487 4416 sunt
506 4365 611 4416 Osanni
629 4381 654 4431 p.
672 4366 697 4414 4,
