3354 5076
675 363 884 416 unucvarvs
1029 418 1035 432 ,
1333 362 1353 426 9

211 530 480 617 προσηγόρευται
496 528 576 596 καθ’
590 527 740 616 ’Όμηρον
755 529 903 615 ὀἙρμῆς
918 528 1097 616 άκαάήοιος
1112 529 1277 618 (ἀκάκητα
1292 554 1353 600 em.

211 643 443 730 Bernhardyus
467 667 498 729 p.
524 642 614 725 135),
641 638 726 706 ἀλλά
749 639 804 706 διά
825 639 863 706 τό
886 645 994 706 κακοῦ
1014 642 1158 725 ’μηδενός
1180 643 1354 725 παραίτιος

211 755 377 836 γίνεσθαι.
390 753 413 838 ¹)
451 751 475 837 ἢ
496 747 513 815 ὁ
533 748 578 834 μὴ
602 752 792 835 δυνάμενος
807 755 1007 835 κακωθῆναι
1027 747 1093 817 ὑπὸ
1117 749 1234 832 ἑτέρου
1256 749 1354 836 (μήτε

213 861 249 927 δὲ
270 866 420 927 κακῶσαι
436 860 542 927 ἄλλον
558 858 614 925 διὰ
634 860 697 946 τὴν
719 864 849 928 οἰκείαν
871 859 995 946 ἀρετήν
1016 862 1092 926 add.
1108 863 1166 947 D)·
1191 859 1275 926 ὅθεν
1296 858 1354 925 καὶ
1391 919 1393 922 .

213 970 314 1056 δοτὴρ
338 971 426 1037 ἑάων
449 969 467 1034 ὅ
490 969 559 1036 ἐστι
581 965 651 1035 τοῖν
673 970 824 1055 ἀγαθάν.

297 1082 525 1148 Eratosthenis
548 1061 885 1148 commemorationem
913 1083 956 1147 ad
978 1105 1108 1154 carmen
1131 1083 1172 1147 de
1198 1105 1262 1169 quo
1284 1083 1353 1167 agi-

213 1217 284 1257 mus
313 1202 461 1279 spectare
482 1193 652 1258 Harlesius
675 1193 853 1258 arbitratus
884 1195 983 1274 est²):
1014 1193 1103 1258 haud
1130 1194 1254 1257 minore
1283 1194 1354 1274 iure

188 1303 298 1367 'inter
320 1302 621 1390 Geographioorum
643 1305 798 1390 reliquias
821 1304 856 1368 hi
876 1303 939 1369 loci
961 1293 1063 1390 recipi
1089 1307 1225 1388 possint.

295 1413 542 1478 Accuratiorem
564 1415 604 1478 de
631 1416 819 1501 quaestione
847 1414 905 1478 illa
933 1415 1067 1500 antiqua
1094 1436 1177 1500 quae
1206 1415 1248 1478 ad
1270 1409 1354 1478 ἀκά-

214 1547 297 1607 κητα
324 1523 491 1609 epitheton
520 1525 704 1612 pertinebat
735 1527 886 1590 notitiam
920 1525 1130 1607 haberemus,
1163 1526 1191 1590 si
1223 1532 1355 1589 servata

213 1645 322 1699 essent
344 1634 535 1720 Apollodori
560 1637 661 1700 verba
683 1638 802 1722 quibus
829 1616 999 1700 mehdacia
1025 1634 1185 1721 quaedam
1209 1635 1250 1700 de
1271 1635 1354 1699 Aca-

214 1748 298 1810 cesio
321 1745 451 1832 prolata
472 1745 687 1832 redarguit.³)
732 1745 772 1810 Id
800 1768 877 1810 vcro
899 1747 1185 1831 grammaticorum
1208 1747 1352 1810 testimo-

212 1856 275 1919 niis
304 1865 454 1942 apparet,
483 1854 733 1920 Eratosthenem
764 1857 832 1940 (cui
860 1856 1079 1943 adstipulatur
1106 1855 1353 1941 Bernhardyus)

214 1967 379 2052 epitheton
400 1965 442 2029 ab
465 1965 623 2029 Acacesio
646 1965 728 2030 colle
743 1966 907 2031 Arcadiae
915 1967 942 2050 4)
964 1966 1139 2032 derivasse.
1173 1967 1354 2030 Pausaniae

213 2074 412 2162 temporibus
435 2075 482 2138 ibi
503 2059 659 2139 Mercurii
681 2075 832 2140 Acacesii
861 2078 970 2162 imago
998 2099 1040 2140 ex
1067 2076 1178 2161 lapide
1206 2075 1354 2140 confecta

172 2274 174 2278 Ι
213 2187 321 2271 posita
349 2194 432 2265 erat,
460 2185 701 2271 narrabantque
724 2186 870 2278 Arcades
899 2187 940 2251 ab
962 2188 1071 2250 Aeaco
1094 2187 1258 2273 Lycaonis
1285 2184 1353 2249 filio

213 2295 411 2360 Mercurium
439 2296 486 2360 ibi
514 2295 687 2360 educatum
710 2305 743 2360 et
770 2298 812 2360 ab
839 2297 953 2363 eodeni
975 2298 1168 2362 Acacesium
1198 2296 1353 2381 oppidum

213 2406 275 2471 sub
309 2405 391 2470 colle
423 2405 589 2470 eonditum
621 2428 692 2470 csse
728 2407 831 2494 (quod
865 2407 893 2470 si
926 2407 1027 2472 multo
1060 2417 1135 2472 ante
1172 2407 1354 2471 Pausaniae

213 2526 358 2604 tempora
391 2515 573 2597 interierat,
609 2517 650 2580 cf.
685 2518 771 2582 VIII
804 2519 861 2595 27,
889 2517 938 2601 4),
975 2517 1114 2604 dentque
1148 2518 1199 2582 ab·
1222 2518 1354 2581 Aeaco

214 2626 429 2691 derivandum
464 2648 535 2690 esse
570 2627 780 2693 Homericum
819 2629 974 2693 Mercurii
1009 2627 1189 2714 epitheton:
1235 2629 1354 2714 quibus

214 2737 334 2800 similia
356 2738 390 2800 in
413 2735 638 2802 Eratosthenis
660 2738 821 2802 Mercurio
844 2737 973 2824 prodita
996 2737 1097 2802 fuisse
1120 2760 1302 2817 censerem,
1325 2738 1354 2800 si

214 2848 331 2912 certior
360 2857 445 2911 esset
471 2847 616 2912 Harlesii
645 2849 854 2913 coniectura..
891 2847 995 2912 Addit
1026 2858 1133 2912 autem
1163 2827 1353 2930 Pausanias,

212 2979 317 3043 neque
352 2958 402 3022 his
430 2957 595 3021 Arcadum
628 2957 749 3022 fabulis
777 2977 883 3045 neque
909 2959 995 3023 inter
1026 2980 1096 3024 sese
1124 2958 1355 3024 Thebanorum

213 3067 541 3154 Tanagraeorumquc
563 3069 766 3132 narrationes
789 3069 984 3133 consentire.
993 3071 1019 3154 5)
1064 3069 1111 3133 At
1133 3069 1355 3134 vetustissima
1377 3046 1381 3054 Ι

214 3199 253 3242 ea
274 3179 499 3264 interpretatio
522 3188 588 3260 est,
618 3201 683 3265 qua
710 3170 859 3262 ἀκάκητα
881 3200 986 3264 neque
1014 3180 1056 3242 ad
1083 3181 1227 3243 Aeacum
1249 3200 1354 3264 neque

212 3275 254 3352 ad
278 3289 471 3353 Acacesium
494 3298 636 3353 montem
658 3289 808 3370 refertur,
832 3288 889 3352 scd
912 3289 952 3353 de
975 3310 1012 3351 eo
1028 3288 1149 3352 dictum
1172 3289 1355 3374 concipitur

213 3399 268 3483 qui
291 3397 373 3462 nihil
395 3399 472 3463 mali
494 3399 552 3464 dat
569 3398 773 3464 hominibus:
802 3399 849 3462 ita
872 3398 958 3461 enim
973 3397 1168 3462 vocabulum
1190 3398 1355 3464 intellexit

213 3518 327 3573 auctor
347 3531 462 3575 versus
485 3511 541 3596 qui
564 3520 612 3573 est
633 3511 668 3573 in
690 3507 879 3593 Theogenis
899 3507 1068 3574 Hesiodea
1089 3508 1163 3590 614,
1185 3508 1242 3572 ubi
1263 3509 1354 3572 Pro·

213 3619 393 3682 matheus
421 3615 569 3702 ἀκάκητα
597 3618 789 3704 appellatur.
834 3603 884 3682 Of.
908 3626 1037 3702 praeter
1059 3619 1146 3684 locos
1174 3641 1194 3681 a
1216 3639 1267 3682 me
1289 3619 1355 3681 iam

213 3729 395 3814 exscriptos
419 3727 527 3815 Apoll.
556 3727 621 3792 lex.
649 3728 745 3792 Hom.
774 3752 805 3813 p.
830 3728 872 3792 20
899 3723 1048 3812 ἀκάκητα
1076 3725 1151 3792 ἀντὶ
1176 3732 1238 3792 τοῦ
1267 3724 1351 3792 ἀκα-

212 3837 325 3921 κήτης,
348 3841 389 3922 τῇ
413 3840 551 3921 κλητικῇ
567 3833 641 3900 ἀντὶ
655 3841 713 3920 τῆς
729 3833 873 3913 εὐθείας.
909 3837 1038 3920 λέγεται
1061 3838 1097 3901 δὲ
1113 3834 1220 3913 οὕτως
1243 3832 1352 3918 ὁἙρ-

212 3948 276 4029 μῆς
298 3942 317 4010 ὁ
338 3944 481 4030 μηδενὸς
503 3951 610 4011 κακοῦ
633 3947 890 4031 περιτοιηιικός.
928 3947 1026 4012 Corn.
1054 3948 1090 4011 16
1112 3970 1142 4032 p.
1163 3947 1223 4012 165
1245 3945 1301 4011 aul
1316 3945 1353 4011 τό

212 4051 364 4138 ἀκάκητα
386 4050 489 4119 αὐτὸν
517 4056 676 4139 λέγεσθαι
703 4055 859 4121 τοιούτου
887 4055 978 4132 τινὸς
1006 4055 1145 4140 σημεῖόν
1173 4057 1281 4122 ἐστιν·
1313 4053 1355 4120 οὐ

282 4269 306 4329 1)
326 4269 366 4322 cf.
385 4269 468 4321 schol.
486 4270 591 4321 Gallim.
609 4271 635 4321 h.
655 4275 680 4332 3,
700 4275 756 4324 143.
792 4273 869 4324 Eust.
888 4271 921 4319 ad
939 4270 972 4320 Il.
993 4287 1017 4335 p.
1038 4274 1077 4333 75,
1097 4273 1137 4323 35.
1158 4271 1231 4332 1053,
1249 4272 1290 4321 60.

211 4338 238 4399 9)
257 4338 379 4388 Fabricii
396 4337 462 4391 bibl.
482 4337 528 4394 Gr.
547 4340 586 4390 IV
604 4357 629 4404 p.
651 4343 707 4392 123.
781 4335 808 4404 3)
832 4338 929 4388 Strabo
953 4339 1004 4388 VII
1021 4356 1046 4403 p.
1066 4342 1123 4390 299.
1192 4337 1219 4399 4)
1238 4337 1270 4387 E.
1288 4337 1352 4387 Cur-

210 4406 268 4474 tIus
286 4405 489 4471 Peloponnesos
506 4407 520 4458 1
538 4423 564 4472 p.
583 4409 632 4459 295
645 4423 685 4474 sq.
788 4407 814 4471 5)
832 4406 914 4458 Paus.
932 4405 999 4458 VIII
1017 4410 1041 4470 3,
1061 4409 1083 4457 2.
1103 4409 1144 4470 36,
1162 4409 1229 4470 aeq.
