3324 5074
312 357 354 424 84
782 357 986 416 ANTERINYS

313 529 403 612 κη’θη
427 525 445 593 ὁ
468 532 683 612 Στησίχορος.
721 531 846 594 Nomen
863 531 1064 597 Ctimenae
1086 531 1273 597 restitutum
1288 552 1308 593 a
1323 527 1456 604 Kuhnio

314 638 372 722 (ad
394 640 490 703 Paus.
515 637 536 701 l.
560 641 602 722 o.)
612 640 635 722 ¹)
659 641 813 704 convenit
834 642 956 705 nomini
976 641 1118 706 Ctimeni
1141 640 1252 705 fratris
1275 639 1362 725 quod
1378 640 1457 704 Era-

312 749 478 813 tosthenes
502 748 670 835 profert.²)

399 858 475 937 Qua
496 859 538 921 de
566 880 665 922 causa
687 857 850 924 Hesiodus
877 861 1003 953 occisus
1026 862 1085 941 sit,
1114 859 1253 924 diversis
1275 859 1456 924 rationibus
1485 878 1495 890 ·

314 978 487 1033 narratur:
514 969 554 1032 ln
576 966 688 1031 fabula
709 967 751 1031 ab
768 969 945 1033 Aristotele
967 969 1071 1033 relata
1086 972 1131 1032 ita
1146 968 1373 1059 exponebatur
1394 989 1457 1046 res,
1497 1014 1499 1018 -

314 1079 409 1165 quasi
430 1100 546 1143 revera
562 1076 727 1144 Hesiodus
750 1076 878 1164 puellae
893 1078 1125 1143 consuetudine
1146 1101 1224 1143 usus
1246 1087 1341 1142 esset.
1379 1076 1458 1140 Era·

313 1189 478 1252 tosthenes
501 1196 609 1250 autem
632 1196 766 1272 putasse
789 1187 921 1273 quidem
943 1187 1004 1253 hoc
1026 1187 1153 1274 puellae
1168 1187 1287 1252 fratres
1303 1185 1457 1251 tradidit:

311 1305 457 1361 ceterum
480 1297 641 1380 virginem
665 1317 730 1360 non
752 1298 795 1360 ab
810 1297 957 1363 Hesiodo
979 1297 1038 1362 sed
1059 1319 1079 1360 a
1095 1296 1201 1362 sodali
1224 1298 1293 1361 eius
1309 1296 1458 1361 Demode

313 1428 384 1470 esse
406 1415 598 1492 stupratam.
643 1405 695 1470 Cf.
717 1406 815 1470 Paus.
843 1403 906 1490 τὴν
937 1407 974 1472 δὲ
996 1404 1150 1490 ἀδελφὴν
1177 1411 1246 1471 τῶν
1268 1406 1458 1471 νεανίσκων

313 1517 353 1580 ot
371 1516 445 1600 μὲν
468 1513 574 1579 ἄλλον
595 1518 656 1579 τού
685 1532 791 1599 φασιν
819 1517 1043 1600 αἰσχύναντος
1064 1514 1223 1581 Ἡσίοδον
1250 1517 1368 1598 λαβεῖν
1394 1512 1457 1578 ούκ

312 1621 425 1708 ἀληθῆ
453 1622 515 1708 την
543 1629 604 1689 τού
633 1621 836 1709 ἀδικήματος
858 1624 976 1709 δόξαν,
1005 1625 1047 1690 ot
1071 1626 1091 1689 δ
1099 1625 1114 1689 ὲ
1144 1626 1275 1690 ἐκείνου
1297 1623 1458 1706 γενέσθαι

312 1732 350 1797 τδ
381 1737 491 1816 ἔργον.
541 1734 661 1799 Vtrum
688 1734 879 1800 Alcidamas
907 1737 1091 1800 narraverit
1121 1758 1187 1800 non
1218 1734 1330 1820 liquet.
1381 1732 1458 1798 Alia
1551 1775 1560 1784 -

313 1844 498 1909 differentia
526 1845 668 1908 occurrit
695 1845 781 1931 apud
810 1845 894 1908 Plut.
922 1844 1024 1908 Conv.
1054 1855 1178 1930 septem
1204 1867 1272 1931 sap.
1301 1868 1332 1930 p.
1358 1843 1457 1908 1620

314 1956 486 2038 Μιλησίου
507 1952 585 2035 γάρ,
608 1948 653 2028 ὠς
676 1955 797 2035 ἔοικεν,
820 1951 957 2036 οίνδρός,
981 1944 1132 2038 ᾦξενίας
1148 1953 1324 2018 ἐκοινώνει
1341 1951 1458 2017 Ἡσίο-

313 2065 372 2139 δος
399 2063 456 2127 καὶ
483 2064 611 2146 διαίτης
640 2063 678 2127 ἐν
701 2067 862 2147 Λοκροῖς,
892 2066 931 2146 τῇ
961 2065 1022 2128 τοῦ
1044 2064 1143 2139 ξένου
1171 2062 1319 2147 θυγατρὶ
1341 2065 1457 2145 κρύφα

314 2149 565 2260 συγγενομένου
599 2174 655 2236 καλ
683 2172 903 2256 φωραθέντος
935 2170 1086 2250 ὑποψίαν
1119 2175 1216 2255 ἔσχεν
1249 2169 1300 2247 ὡς
1330 2171 1457 2254 γνούς

313 2280 377 2346 ἀπ’
406 2279 533 2364 ἀρχῆς
560 2283 626 2346 καὶ
659 2282 979 2364 συνεπικρύψας
1011 2283 1053 2345 τδ
1090 2279 1285 2366 ἀδίκημα,
1315 2280 1458 2366 μηδενδς

314 2390 364 2454 [δν
386 2396 508 2472 αἴτιος,
538 2389 640 2475 ὀργῆς
662 2392 699 2456 δὲ
728 2395 835 2478 καιρῷ
864 2394 919 2456 καλ
941 2393 1083 2476 διαβολῇ
1106 2388 1298 2476 περιπεσοδν
1320 2391 1456 2467 ἀδίκως.

314 2497 514 2564 ἀπέκτειναν
548 2498 613 2584 γὰρ
646 2497 752 2563 αύτδν
790 2501 831 2563 ol
849 2505 907 2582 τῆς
936 2501 1113 2584 παιδίσκης
1138 2498 1283 2584 οἰδελφολ
1310 2502 1387 2586 περὶ
1419 2494 1457 2566 τδ

314 2609 485 2694 ,Λοκρικὸν
513 2609 661 2692 Νέμειον
690 2606 966 2693 ἐνεδρεύσαντες,
995 2610 1051 2672 καὶ
1072 2608 1146 2692 μετ’
1168 2608 1275 2673 αύτοῦ
1295 2603 1355 2673 τδν
1377 2609 1457 2675 οἰκό-

314 2724 456 2801 λουθον,
480 2709 508 2804 pi
536 2718 715 2801 Τριέιλος
736 2708 779 2802 ἦν
801 2716 919 2801 ὄνομα.
957 2720 1107 2804 Denique
1129 2718 1217 2805 apud
1232 2718 1366 2784 Suidam
1389 2721 1457 2785 An-

311 2830 423 2915 tiphus
446 2838 478 2892 et
494 2829 661 2893 Ctimenus
678 2828 858 2894 Hesiodum
881 2829 1062 2893 interficere
1085 2831 1216 2895 omnino
1235 2852 1300 2894 non
1314 2829 1457 2895 voluisse

314 2938 477 3022 feruntur:
515 2941 552 3001 οἳ
587 2937 720 3022 νύκτωρ
754 2939 911 3015 δόξαντες
946 2932 1101 3023 ολναιρείν
1138 2939 1271 3024 φθορέα
1310 2936 1458 3023 ἀδελφῆς

314 3043 427 3110 αὐτῶν
449 3045 587 3110 α’νεῖλον
609 3044 669 3110 τδν
685 3044 844 3111 Ἡσίοδον
866 3045 1015 3124 ἄκοντες.
1024 3049 1050 3134 3)

398 3157 507 3220 Etiam
530 3156 571 3220 de
593 3177 712 3240 genere
733 3157 845 3221 mortis
874 3180 970 3242 quam
993 3157 1129 3223 Hesiodi
1154 3181 1359 3245 percussores
1381 3161 1456 3225 sub·

312 3268 410 3330 ierint
425 3265 606 3352 complures
622 3267 776 3330 narrandi
792 3268 965 3331 varietates
982 3277 1123 3333 exstant.
1158 3267 1246 3347 Quid
1257 3268 1456 3350 Alcidamas,

313 3376 392 3460 quid
408 3375 641 3440 Eratosthenes
665 3376 836 3458 rettulerit,
860 3387 996 3463 apparet
1011 3399 1052 3441 ex
1075 3377 1184 3441 libello
1207 3380 1247 3442 de
1269 3355 1455 3444 certamine.

383 3638 407 3700 1)
427 3630 588 3703 Κτειμένην
611 3638 714 3703 legitur
740 3641 810 3704 apud
832 3640 1031 3692 Trincavellum
1053 3658 1076 3692 o.
1098 3644 1122 3691 4.
1161 3641 1388 3708 Wyttenbschius
1412 3641 1456 3709 (ad

314 3705 387 3756 Plut.
406 3705 473 3754 Mor.
493 3722 518 3769 p.
538 3707 586 3754 162
604 3705 636 3768 C)
654 3702 807 3785 Κλυμένην
825 3708 995 3758 scribendum
1012 3724 1071 3760 esse
1089 3714 1183 3760 censet
1201 3715 1310 3775 propter
1322 3712 1408 3761 Procl.
1422 3712 1456 3762 ad

313 3774 380 3824 Hes.
399 3773 450 3838 Op.
470 3774 519 3822 268
538 3765 633 3848 ἰστέον
650 3768 683 3824 δὲ
701 3791 746 3851 prr
764 3768 826 3833 υίὸς
842 3768 980 3826 Ἡσιόδου
992 3770 1131 3834 Μνασέας
1149 3769 1217 3827 ἐστι’.
1249 3772 1404 3845 Φιλόχορος
1423 3775 1455 3831 δέ

314 3835 492 3906 Στησίχορόν
506 3855 576 3906 φησι
591 3857 640 3889 τον
652 3833 711 3891 sino
724 3837 873 3909 Κλυμένης
887 3837 1040 3909 (Κτιμένης
1052 3843 1086 3907 cj.
1099 3844 1232 3908 Bergkius
1244 3847 1258 3895 1
1270 3862 1296 3911 p.
1305 3845 1358 3909 λδ),
1372 3839 1454 3898 ἄλλοι

273 3921 276 3926 ·
315 3903 512 3972 δὲἰίρχιέπης.
547 3907 733 3958 Audacissime
751 3909 908 3960 Wolckerus
926 3911 954 3960 in
972 3911 1150 3974 certaminis,
1170 3914 1336 3976 Pausaniae,
1357 3913 1455 3964 Snidee

313 3974 382 4024 locis
406 3974 557 4037 Clymeni
580 3990 675 4025 nomen
698 3978 893 4027 restituendum
915 3993 974 4029 esse
998 3979 1248 4031 existimavit'oum
1271 3988 1381 4047 propter
1402 3982 1455 4032 hoc

314 4041 406 4090 Procli
418 4041 450 4090 de
465 4042 613 4121 Stesichori
626 4049 708 4091 matre
721 4045 911 4106 testimonium,
930 4051 987 4096 tum
1000 4052 1111 4110 propter
1123 4047 1211 4097 lusum
1225 4050 1357 4113 quendam
1376 4065 1456 4114 quem

313 4109 342 4157 in
356 4109 508 4158 nominibus
528 4112 652 4173 Αντιφος
666 4106 812 4174 Κλύμενος
825 4117 853 4162 et
867 4105 1049 4178 ’λμφιφύνης
1063 4107 1216 4181 Γανύκτωρ
1229 4118 1390 4180 cognovisse
1403 4118 1456 4167 sibi

314 4176 390 4225 visus
404 4181 448 4226 est
466 4175 513 4239 (kl.
533 4177 607 4226 Schr.
626 4178 648 4230 1.
669 4194 693 4242 p.
716 4182 762 4228 157
773 4180 834 4243 sq.).
869 4179 922 4229 Sed
940 4181 975 4231 cf.
989 4181 1019 4235 G.
1033 4182 1180 4230 Hermauni
1198 4198 1291 4248 opusc.
1305 4183 1340 4232 Vl
1357 4200 1383 4248 p.
1397 4187 1454 4234 152.

382 4241 408 4305 2)
427 4243 520 4308 Bergk
539 4245 550 4291 l
570 4260 595 4307 p.
612 4247 653 4296 25.
714 4249 741 4305 3)
760 4247 922 4311 „Antiquior
938 4248 1009 4296 fama
1026 4248 1133 4298 videtur
1151 4265 1183 4299 ea
1200 4250 1284 4300 fuisse
1302 4265 1356 4314 qua
1375 4256 1455 4314 poeta

273 4368 275 4372 Ι
315 4309 435 4360 oriminis
457 4310 651 4372 accusabatur,
675 4328 691 4361 a
715 4329 768 4377 quo
793 4316 971 4379 posteriorum
995 4322 1144 4379 temporum
1169 4317 1257 4367 studia
1279 4332 1339 4368 eum
1357 4317 1454 4371 libera·

314 4377 408 4426 bant.“
442 4375 648 4427 Marckscheffel
664 4379 729 4430 Hes.
750 4381 781 4430 fr.
801 4398 827 4446 p.
844 4385 886 4434 27.
