3324 5074
306 276 347 342 96
794 276 958 332 samona

305 442 368 528 τήν
396 443 578 528 Ἠριγόνην
599 442 658 529 ζόί
692 441 853 530 ω’ρυγμοῦ
887 442 1055 528 ἐμήνυσεν
1088 441 1173 527 αὐτῇ
1200 439 1241 507 τοὶ
1268 441 1448 525 γεγονότα·

306 552 326 639 ἡ
350 551 388 619 δὲ
409 559 568 638 μαθοῦσα
590 550 734 637 τάληθὲς
756 552 879 638 ἑαυτὴν
894 553 1069 638 ἀνήρτησε.
1107 555 1216 618 νόσον
1238 548 1276 617 δὲ
1292 551 1330 616 ἐν
1349 550 1451 636 Ἀθη-

304 687 380 739 ναις
401 662 583 748 γενομένης
610 662 694 728 κατὰ
715 661 867 749 χρησμόν
891 660 1060 746 Ἀθηναῖοι
1085 663 1145 727 τόν
1173 685 1208 726 τε
1227 660 1371 746 Ἰκάριον
1393 658 1450 725 καὶ

304 769 367 856 τὴν
384 770 565 857 Ἠριγόνην
586 772 773 850 ἐνιαυσίοις
802 773 977 857 ἐγέραιρον
999 782 1123 855 τιμαῖς·
1153 773 1187 836 οἳ
1207 772 1264 836 καί
1289 788 1449 837 καταστε-

307 882 482 961 ρισθὲντες
499 879 641 964 Ἰκάριος
668 877 731 966 μὲν
753 885 890 966 Βοιότης
912 881 1062 966 ἐκλήθη,ι
1078 879 1237 964 Ἠριγόνη
1260 879 1299 944 δὲ
1320 879 1450 965 παρθέ-

305 1014 375 1074 νος,
399 987 417 1054 ὁ
439 988 477 1055 δὲ
499 992 593 1057 κύων
614 990 676 1075 τὴν
698 989 804 1076 αὐτὴν
814 993 838 1079 ¹)
861 989 1047 1076 ὀνομασίαν
1062 992 1170 1075 ἔσχεν.
1210 989 1337 1075 ἱστορεῖ
1351 988 1451 1073 Ἐρα-

306 1101 471 1184 τοσθένης
494 1100 533 1165 ἐν
554 1111 623 1176 τοῖς
645 1100 768 1188 ἑαυτοῦ
791 1087 998 1183 καταλόγοις.
1007 1101 1033 1186 ²)
1076 1151 1081 1164 ,

392 1210 445 1276 Ita
466 1210 567 1295 igitur
588 1211 669 1275 haec
690 1212 814 1275 tradita
841 1220 933 1275 erant
954 1213 989 1274 in
1012 1209 1178 1296 Catalogis
1207 1211 1277 1274 sive
1300 1209 1448 1274 Cataste-
1507 1197 1511 1204 ’

306 1321 416 1385 rismis
439 1320 665 1385 Eratosthenis
673 1322 716 1405 ³);
739 1343 782 1386 ex
804 1321 917 1384 eodem
940 1319 1029 1386 fonte
1045 1330 1158 1406 aperte
1179 1319 1345 1384 fluxerunt
1367 1341 1450 1404 quae

309 1430 463 1517 Hyginus
478 1454 511 1516 p.
527 1431 589 1494 427
606 1452 677 1515 sqq.
693 1429 784 1495 Stav.
801 1430 978 1518 praebet⁴)‚
1003 1430 1180 1516 eodemque
1196 1452 1292 1515 quam
1309 1431 1450 1492 maxime

306 1541 477 1625 probabile
507 1550 555 1604 est
582 1536 787 1604 referendum
821 1562 892 1606 esse
926 1541 1011 1627 quod
1046 1538 1199 1625 Hyginus
1232 1539 1273 1602 de
1307 1537 1450 1602 Crateris

310 1652 404 1734 signo
433 1650 548 1714 tradit:
584 1651 731 1714 nonnulli
758 1671 828 1714 enno
855 1651 1063 1714 Eratosthene
1091 1651 1200 1713 dicunt
1231 1670 1302 1714 enrn
1329 1653 1452 1714 crotera

309 1779 372 1824 esse
404 1781 463 1842 qno
495 1759 625 1824 Ionn'ns
656 1761 698 1844 stt
728 1779 805 1824 nsns
836 1781 906 1824 onrn
933 1760 1112 1823 horninibus
1144 1761 1312 1824 ostenderet
1342 1761 1452 1824 otnnn

310 1869 359 1950 (ΙΙ
385 1869 456 1954 40):
495 1868 536 1937 cf.
564 1868 754 1933 Pseudarat.
782 1869 823 1932 41
852 1867 976 1933 τούτου
1012 1861 1058 1950 όὲΙ
1079 1867 1198 1932 ίκανόν
1225 1865 1357 1950 ότίχων
1386 1865 1452 1934 elad

310 1982 369 2062 τῆς
391 1981 523 2061 καμπῆς
551 1973 569 2041 ὁ
596 1976 733 2062 Κρατηρ
762 1989 868 2042 κεῖται
896 1955 1130 2062 ἐγκείιλιμὲνος
1156 1975 1241 2059 πρὸς
1265 1976 1306 2042 τὰ
1326 1977 1452 2060 γόνατα

311 2093 369 2172 τῆς
391 2088 585 2172 Παρθένον.
635 2089 754 2152 Vtrum
782 2111 860 2153 vero
885 2089 919 2151 in
945 2097 1094 2174 poemate
1121 2087 1357 2154 Eratosthenes
1384 2109 1453 2150 rem

312 2201 426 2263 eodem
448 2198 544 2264 modo
567 2199 761 2263 narraverit
774 2221 815 2262 an
837 2198 891 2261 hic
905 2197 973 2262 illic
989 2199 1180 2280 variaverit,
1203 2220 1335 2284 prorsus
1352 2199 1452 2260 nesci-

311 2332 393 2389 mus,
415 2331 489 2372 cum
511 2308 554 2372 ad
576 2309 729 2372 carminis
752 2308 924 2393 imaginem
946 2308 1204 2372 adumbrandam
1231 2307 1452 2371 desideremus

313 2417 429 2482 deleam
452 2417 564 2499 talem,
592 2416 720 2503 qualem
748 2418 789 2481 de
816 2416 1008 2480 Callimachi
1035 2417 1187 2503 Cydippa
1213 2417 1453 2503 inquirentibus

313 2528 539 2592 Aristaenetus
563 2548 634 2590 sese
657 2535 817 2610 praestat,
845 2548 950 2611 neque
979 2527 1108 2589 omnino
1136 2527 1281 2611 exeeptis
1304 2527 1453 2610 vestigiis

314 2635 508 2723 quibusdam
530 2637 610 2726 satis
625 2637 756 2700 incertis
781 2635 822 2699 de
837 2637 962 2699 ratione
983 2657 1079 2720 quam
1094 2645 1191 2722 poeta
1212 2637 1247 2699 in
1262 2636 1455 2723 exponenda

313 2746 426 2812 fabula
440 2748 618 2812 instituerit
633 2723 812 2833 quidquam
829 2755 965 2810 constet.
996 2743 1090 2824 Quae
1105 2769 1177 2810 cum
1195 2747 1242 2809 ita
1256 2746 1332 2827 sint,
1349 2744 1455 2810 elucet

313 2859 442 2921 inanem
459 2880 529 2922 esse
545 2856 925 2942 quaestionem,‚quinam
942 2857 1026 2920 inter
1037 2877 1102 2939 eos,
1115 2855 1171 2941 qui
1182 2864 1256 2942 post
1266 2854 1453 2936 Eratosthe

314 2989 388 3031 nem
410 2968 496 3031 idem
512 2965 727 3047 tradiderunt,
749 2989 822 3030 eum
839 2967 943 3030 secuti
959 2968 1033 3030 sint.
1069 2965 1133 3030 Sed
1155 2963 1236 3028 illud
1257 2987 1384 3051 quoque
1405 2965 1453 3027 in-

314 3087 448 3161 certum,
462 3099 543 3162 quos
559 3075 666 3139 fontes
683 3078 753 3162 ipse
764 3074 999 3140 Eratosthenes
1014 3073 1141 3142 adierit.
1168 3074 1319 3160 Mythum
1335 3073 1375 3148 de
1391 3096 1453 3159 quo

314 3189 440 3273 agimus
455 3194 678 3273 pervetustum
695 3205 766 3248 esse
782 3188 909 3248 constat
917 3185 958 3265 ⁵);
981 3206 1085 3269 neque
1101 3193 1210 3248 tamen
1226 3182 1319 3248 multi
1335 3183 1455 3247 diserta

313 3298 521 3364 nominantur
549 3297 605 3382 qui
633 3317 706 3358 eum
735 3305 810 3360 ante
832 3294 1081 3358 Eratosthenem
1109 3295 1331 3359 tractaverint.
1375 3293 1455 3357 'l'ra-

315 3393 449 3491 goedias
466 3406 631 3490 Erigonae
647 3404 778 3469 nomine
799 3405 973 3488 insignitas
990 3407 1189 3491 scripserunt
1203 3404 1408 3490 Phrynichus
1417 3404 1456 3485 ⁶),‚

316 3514 542 3602 Sophocles⁷),
571 3514 784 3599 Philocles⁸)‚
813 3513 1005 3599 Cleopho.⁹)
1056 3513 1234 3600 Phrynichi
1262 3513 1389 3592 fabula,
1418 3522 1455 3576 ut

316 3672 518 3682 ——-..--·—

386 3765 411 3828 1)
431 3756 521 3814 αὐτοῦ
539 3761 570 3816 Β,
602 3751 707 3813 tonsori
724 3759 799 3811 Laid.
902 3759 929 3827 2)
948 3763 1002 3812 Sic.
1020 3759 1042 3810 B
1061 3760 1136 3812 Laid.
1160 3755 1268 3828 ἱστορεῖ
1286 3751 1456 3829 Ἐρατοσθέ-

316 3849 367 3900 νης
385 3832 418 3882 Ι).
458 3823 465 3843 ‘
490 3825 600 3894 ἱστορία
621 3821 699 3893 παρὰ
718 3821 920 3892 Ἐρατοσθένει
941 3829 973 3879 Α.
1078 3831 1103 3892 3)
1126 3849 1151 3880 v.
1176 3847 1203 3894 p.
1228 3831 1269 3878 68.
1367 3829 1394 3892 4)
1414 3830 1456 3888 Gt,

315 3918 340 3968 p.
358 3903 417 3951 478.
470 3901 493 3949 8.
562 3899 588 3962 5)
607 3898 648 3947 De
665 3899 723 3947 eius
741 3895 941 3961 significatione
960 3897 988 3946 in
1000 3897 1198 3956 diversissimas
1215 3903 1307 3961 partos
1320 3897 1372 3947 viri
1383 3897 1457 3946 docti

315 3970 449 4020 abierunt.
488 3966 529 4016 Of.
552 3965 838 4028 Walcker-Nachtrag
860 3981 894 4014 nn
915 3966 964 4014 der
985 3965 1087 4014 Schrilt
1109 3965 1176 4015 iiber
1197 3965 1239 4014 die
1262 3963 1457 4027 Aeschylische

315 4037 434 4098 Trilogie
457 4051 482 4098 p.
504 4037 553 4084 222
572 4049 630 4100 sqq.
653 4033 726 4082 Most
752 4033 784 4081 de
808 4033 957 4098 Hippolyto
983 4049 1010 4098 p.
1035 4036 1074 4083 15.
1114 4034 1209 4083 Osann
1236 4031 1379 4083 Verhandl.
1408 4031 1457 4078 des

316 4103 430 4154 Vereins
448 4102 600 4151 Dautsoher
617 4101 776 4164 Plrilologen
794 4117 820 4149 u.
843 4101 1038 4150 Schulmttnner
1060 4100 1106 4150 VI.
1125 4099 1200 4150 Cass.
1225 4101 1291 4150 1844
1308 4115 1333 4164 p.
1353 4100 1384 4147 15
1396 4111 1456 4162 sqq.

316 4170 440 4222 Ribbeck
456 4167 579 4232 ducange
598 4185 624 4218 u.
637 4167 845 4231 Entwickelung
861 4169 907 4218 des
920 4167 1147 4234 Dionysosoultus
1165 4169 1193 4216 in
1213 4167 1308 4217 Attika
1326 4181 1351 4230 p.
1371 4168 1457 4229 lsqq.
1520 4191 1527 4200 ..

319 4243 379 4290 cett.
431 4238 457 4298 6)
477 4236 576 4286 Suidas
594 4254 619 4286 v.
638 4227 776 4301 Φρύνιχος
795 4234 948 4287 Metroon.
1001 4235 1027 4300 Ι)
1045 4236 1140 4285 Nauck
1160 4243 1227 4298 trag.
1246 4231 1292 4283 Gr.
1310 4232 1343 4283 fr.
1361 4247 1386 4298 p.
1402 4235 1458 4288 143.

385 4303 410 4370 8)
430 4303 527 4355 Suidas
545 4320 567 4354 s.
583 4321 610 4354 v.
678 4301 706 4368 9)
725 4303 823 4354 suidas
842 4319 862 4354 s.
881 4320 907 4354 v.
