3324 5074
697 370 861 422 neruosa
1308 371 1348 434 97

206 541 276 604 iure
303 539 365 603 viri
394 539 481 603 docti
510 547 708 618 statuerunt,
744 539 787 602 ad
815 539 925 619 Icarii,
961 538 1131 624 Sophoclis
1164 537 1276 602 fabula
1296 539 1348 602 rad

205 650 359 733 Aegisthi
382 657 413 713 et
432 647 709 733 Clytaemnestrae
731 647 831 710 filiam
855 648 1026 733 pertinuit:
1049 647 1091 710 de
1112 648 1245 734 reliquis
1269 647 1347 712 dua-

206 759 266 822 bus
290 780 332 822 ne
360 758 464 822 conici
492 758 624 842 quidem
647 756 824 843 quidquam
851 757 1003 844 potest.¹)
1047 759 1221 847 Praeterea
1244 760 1347 844 suspi-

205 869 273 932 cari
294 867 382 948 licet,
406 866 616 931 Eratostheni
636 875 749 930 notum
769 864 871 930 fuisse
885 865 1049 931 Theodori
1064 867 1256 952 Colophonii
1278 889 1347 932 car-

206 999 280 1041 men
308 978 343 1039 in
365 959 561 1061 Erigonam,
590 975 678 1061 quod
700 998 719 1038 a
741 974 931 1039 mulieribus
960 976 1167 1040 cantabatur:
1202 977 1245 1040 cf.
1268 977 1345 1042 Ath.

205 1085 289 1149 XIV
308 1068 343 1172 p.
366 1085 472 1149 618ss
500 1077 543 1168 ἦν
562 1081 605 1148 ’δὲ
626 1084 681 1148 καὶ
705 1085 760 1150 ἐπὶ
787 1095 860 1159 ταῖς
883 1081 1004 1169 ἐτόραις
1025 1109 1074 1162 τις
1103 1085 1157 1149 ἐπ’
1176 1085 1346 1170 Ἠριγόνῃ,

183 1189 247 1277 ,ἣν
269 1194 324 1258 καλ
347 1190 465 1277 α’λῆτιν
487 1193 645 1276 λέγουσιν
661 1189 764 1280 ᾠδήν.
798 1191 1025 1277 Ἀριστοτέλης
1045 1196 1131 1277 γοῦν
1154 1194 1193 1259 ἐν
1214 1199 1255 1279 τῇ
1277 1199 1348 1258 Κο-

204 1307 386 1387 λοφωνίαν
408 1307 559 1387 πολιτείᾳ
581 1305 701 1386 φησὶν·
726 1299 902 1384 „othmare
922 1300 960 1368 δὲ
982 1303 1038 1367 καὶ
1053 1299 1155 1378 αὐτὸς
1176 1300 1347 1369 dheodor-

169 1499 172 1505 .
204 1436 262 1495 ρος
283 1411 428 1498 ὕστερον
442 1415 542 1499 βιαίῳ
556 1412 708 1498 θανάτῳ»
742 1412 872 1495 λέγεται
888 1407 925 1476 δὲ
939 1412 1099 1494 γενέσθαι
1122 1417 1264 1496 τρυφῶν
1286 1437 1345 1494 τις,

204 1520 249 1598 ὡς
272 1521 308 1586 ἐκ
331 1525 390 1605 τῆς
411 1522 577 1608 ποιήσεως
603 1521 709 1606 δῆλόν
737 1520 840 1586 ἐστιν.
886 1523 934 1586 ἔτι
961 1519 1026 1605 γὰρ
1056 1523 1112 1586 καὶ
1139 1525 1205 1586 νῦν
1227 1523 1265 1585 αι’
1282 1545 1344 1604 γυ-

203 1641 318 1708 ναῖκες
340 1629 485 1716 ᾄδουσιν
508 1627 614 1695 αὐτοῦ
635 1630 718 1717 μέλη
740 1632 818 1716 περί
840 1628 898 1707 τός
921 1631 1064 1715 ἑόρας.“
1101 1631 1218 1697 Pollux
1241 1632 1291 1696 IV
1305 1633 1347 1697 55

203 1732 248 1824 ἦν
270 1740 309 1804 δέ
328 1763 359 1805 τι
382 1742 438 1806 καὶ
460 1738 574 1826 όλῆτις
595 1731 685 1826 ᾆσμα
707 1751 780 1817 ταῖς
802 1739 941 1825 αίιόραις
965 1741 1236 1825 κροσᾳδόμενον,
1262 1746 1343 1806 Θεο-

204 1849 319 1933 ὃιόρον
352 1853 477 1936 ποίημα
509 1853 571 1915 τοῦ
580 1851 586 1858 ’
603 1851 840 1934 Κολοφωνίου.
891 1849 957 1914 Sed
989 1860 1064 1916 utut
1095 1851 1173 1914 haec
1206 1851 1345 1931 fuerunt,

203 1983 314 2044 nemo,
344 1962 473 2047 opinor,
501 1960 722 2047 exspectabit,
754 1982 827 2024 oum
854 1962 895 2025 de
922 1958 1163 2024 Eratosthenici
1193 1961 1345 2023 carminis

202 2071 349 2156 reliquiis
372 2093 469 2156 agere
490 2070 571 2134 mihi
599 2057 801 2156 propositum
827 2071 885 2153 sit,
914 2078 1060 2134 veterum
1089 2071 1282 2156 scriptorum
1306 2069 1346 2132 de

202 2179 301 2256 lcarii
323 2179 434 2244 fabula
455 2179 543 2244 locos
570 2179 781 2244 iamdudum
805 2179 848 2243 ab
875 2179 948 2243 aliis
975 2179 1137 2244 collectos
1158 2201 1269 2242 rursus
1294 2202 1345 2242 me

203 2275 455 2377 compositurum
484 2290 771 2375 quaestionemque
798 2288 840 2352 de
867 2290 1088 2353 narrationum
1117 2288 1344 2375 discrepantiis

203 2409 414 2465 tractaturum
438 2422 510 2464 esse
532 2398 667 2464 consilio
691 2418 761 2462 meo
783 2420 915 2483 prorsus
938 2397 1096 2462 inutilem.

714 2649 832 2751 axvi

289 2822 401 2909 steph.
422 2847 456 2888 v.
478 2819 597 2886 όστνε
628 2821 759 2903 λέγεται
781 2817 866 2884 όῖστν
881 2820 937 2884 καὶ
959 2814 977 2884 ὁ
1000 2821 1119 2902 δῆμος,
1148 2815 1193 2894 ὥς
1211 2815 1344 2903 Ἐρατο-

204 2933 328 3015 cervas
351 2932 389 2997 ἐν
406 2929 566 3015 Ἠριγόνῃ

331 3067 367 3131 εί
388 3064 455 3130 ὅτε
477 3063 524 3150 δὴ
548 3067 731 3147 Θορικοῦ
753 3062 880 3129 καλὸν
901 3064 1047 3128 ἵκανεν
1068 3063 1184 3139 &does

204 3199 254 3266 ότι
276 3197 314 3266 δὲ
336 3201 441 3286 δῆμος
463 3200 618 3283 Θορικός,
641 3201 755 3284 δῆλον.

288 3305 397 3409 εἰδότε
418 3341 459 3428 δὴ
481 3345 587 3409 codex
609 3345 655 3408 R.
687 3344 718 3406 εί
742 3340 801 3407 ὅτε
828 3339 868 3424 δὴ
897 3342 1022 3404 ceteri:
1044 3340 1092 3416 εἰς
1113 3361 1148 3404 τε
1174 3338 1231 3422 δὴ·
1244 3341 1344 3406 editio

203 3454 334 3520 Aldina.
373 3453 484 3518 εἰσόκε
512 3450 554 3535 δὴ
576 3452 629 3517 vel
658 3452 693 3527 ἐς
713 3451 791 3516 τόδ-ε
812 3453 873 3513 τοῦ
901 3448 1091 3514 Salmasius.
1128 3445 1214 3512 α”στν
1242 3448 1281 3516 δὲ
1302 3448 1343 3535 δὴ

203 3564 459 3630 Friedemannus
472 3563 523 3628 ‘de
544 3562 651 3626 media
673 3561 746 3646 syll.
769 3570 857 3646 pent.
877 3582 909 3645 p.
925 3558 989 3623 340
1011 3559 1096 3644 quod
1120 3561 1148 3622 si
1170 3561 1344 3646 recipimus

203 3673 378 3738 verborum
401 3681 564 3738 structura
585 3671 721 3736 molesta
742 3670 789 3735 fit.
826 3666 912 3733 όστν
933 3691 968 3732 τε
991 3665 1031 3749 dri
1056 3667 1095 3732 Ο.
1111 3667 1268 3733 Miillerus
1291 3669 1345 3733 die

204 3783 323 3847 Dorier
345 3785 408 3869 Ip.
424 3783 498 3846 232.
534 3778 555 3864 ἡ
578 3778 611 3844 δ’
634 3779 690 3845 ὅτε
712 3778 755 3864 δὴ
776 3777 973 3844 Meinekius
1011 3777 1118 3841 εἰσότε
1139 3774 1181 3860 δὴ
1203 3778 1344 3842 editores

204 3891 365 3956 Thesauri
393 3890 504 3976 Steph.
529 3891 632 3956 Paris.
660 3889 715 3954 III
737 3913 768 3974 p.
791 3889 854 3953 293
869 3889 901 3952 D
931 3909 1014 3972 quae
1043 3887 1178 3950 mutatio
1200 3887 1344 3949 omnium

203 4000 371 4066 lenissima
392 4007 452 4084 est.
496 3999 538 4062 V.
561 3997 670 4084 Apoll.
693 3998 755 4062 Rh.
778 3997 909 4063 11857.
932 3989 979 4060 IV
1003 3996 1073 4059 800.
1100 3995 1190 4058 1212.
1213 3997 1344 4059 Gaetul.

205 4165 407 4174 ——ffln———a

273 4257 297 4320 t)
315 4257 440 4307 Woloker
462 4255 504 4305 dio
521 4252 625 4320 'griech
647 4254 727 4318 Trag.
751 4270 776 4317 p.
799 4255 840 4308 21.
858 4257 908 4304 215
920 4267 979 4318 sqq.
997 4253 1056 4302 967.
1096 4250 1189 4301 Osann
1207 4266 1233 4315 p.
1255 4252 1286 4300 12
1299 4266 1341 4316 sq.

204 4324 271 4374 lehn
289 4325 362 4375 arch.
382 4324 464 4374 Beitr.
482 4339 510 4388 p.
523 4325 582 4376 206,
611 4322 732 4384 Erigone
748 4321 783 4370 ab
794 4320 870 4370 Attio
888 4322 917 4370 in
935 4335 1058 4371 scaenam
1075 4317 1208 4383 producta
1218 4317 1345 4382 Aegisthi

204 4390 259 4440 tilia
277 4391 340 4442 tuit:
358 4408 383 4442 v.
401 4391 523 4442 Ribbeck
542 4395 611 4456 trag.
630 4389 693 4440 Lat.
713 4387 758 4438 rel.
778 4405 804 4452 p.
823 4390 878 4438 142.

245 4481 358 4530 ‚Eroronh
361 4494 417 4525 eeeee
576 4503 578 4508 .
1126 4472 1140 4520 'l
