3324 5074
689 373 852 426 amoena
1282 370 1343 436 109

199 544 415 630 perversitate
437 542 541 607 fuisse
562 543 711 630 positam.
756 541 801 607 Vt
829 542 933 607 dicam
957 541 1043 628 quod
1067 562 1197 607 censeo:
1226 563 1340 607 versus

199 677 241 718 ex
262 654 465 740 prooemio
487 662 635 740 sumptus
657 660 717 718 cst.
756 651 910 738 Suspicor
930 651 1178 716 Eratosthenem
1198 651 1246 716 ibi
1268 672 1341 715 curn

133 815 137 824 .
199 762 240 828 de
268 775 460 848 argumento
487 786 546 828 suo
574 765 609 828 in
635 765 821 828 universum
853 761 1039 847 loqueretur
1061 783 1341 844 commemorasse,

198 895 250 937 res
273 897 294 937 a
316 896 351 938 se
372 882 520 938 narratas
542 874 647 938 factas
670 865 742 938 esse
764 871 820 938 illo
844 873 925 956 loco,
948 872 1004 937 ubi
1026 894 1068 936 ex
1091 871 1203 957 parvis
1219 870 1343 958 simpli-

199 984 356 1070 cibusque
377 985 481 1049 initiis
497 985 605 1070 poesis
621 1006 724 1069 genus
741 992 854 1069 postea
876 982 1175 1069 splendidissimum
1191 990 1340 1046 exortum

199 1095 256 1158 sit:
280 1115 396 1180 nempe
417 1093 522 1159 factas
545 1115 599 1158 eas
623 1115 694 1158 esse

279 1225 432 1312 Ἰκαριοί,
455 1229 531 1294 τόθι
554 1232 670 1314 πρῶτα
693 1229 770 1308 περὶ
791 1228 918 1312 τράγον
939 1225 1145 1313 ὠρχήσαντο.

686 1430 846 1495 XXXIII

281 1555 404 1623 Hes'
385 1541 582 1642 αμρηνόν·
607 1553 865 1640 δικτυοειδές,
845 1581 864 1621 o
887 1559 1117 1640 περιτίθενται
1139 1578 1170 1621 οι
1163 1556 1339 1639 βακχεύ

196 1689 291 1743 οντες
312 1667 482 1752 Διονύσῳ.
524 1665 822 1752 Ἐρατοσθένης
849 1667 886 1731 δὲ
915 1665 997 1730 αὐτὸ
1020 1671 1118 1731 καλεῖ
1140 1650 1340 1750 μρῆνυυη

278 1799 360 1841 νον.

195 1781 335 1984 mlh.
352 1910 394 1950 m.
420 1889 468 1972 14,
483 1885 544 1952 2’
526 1887 691 1972 αμρηνόν·
716 1910 795 1953 τιοικ
799 1891 873 1952 ίιῑου
889 1885 1237 1970 ἐρεοῦνδικτυοειδές.
1284 1887 1339 1949 καί
1405 1895 1410 1902 “

196 1996 325 2078 ἔνδυμα
348 1996 385 2062 δὲ
406 1996 516 2063 ποιόν.

279 2106 334 2170 Ex
362 2106 580 2194 Etymologici
608 2106 679 2172 loco
709 2087 909 2172 Schmidtius
942 2113 1030 2171 recte
1058 2103 1206 2190 collegit,
1237 2107 1339 2170 verba

195 2217 351 2279 ποικίλον
379 2215 500 2298 ἐρεοῦν
527 2216 678 2280 addenda
706 2237 778 2280 esse
806 2216 1036 2302 Hesychianis.
1085 2215 1274 2297 Praeterea,
1303 2215 1338 2280 id

195 2324 284 2411 quod
319 2324 407 2388 idem
436 2325 542 2408 -vidit,
580 2325 704 2390 excidit
738 2325 827 2413 apud
862 2325 1066 2411 Hesychium
1103 2324 1158 2388 καί
1195 2325 1336 2409 ἔνδυμα,

195 2433 282 2521 quod
305 2433 388 2499 falso
410 2433 530 2520 legitur
556 2437 591 2498 in
617 2437 658 2500 iis
686 2457 768 2521 quae
794 2434 994 2522 praecedunt
1022 2429 1167 2516 ἄμρηνά·
1198 2435 1335 2499 δίκτυα·

195 2541 250 2608 καὶ
277 2546 416 2628 ἔνδυμα.
467 2545 584 2630 Itaque
616 2547 746 2610 initium
780 2545 843 2610 loci
875 2545 923 2610 sic
954 2543 1162 2608 scribendum
1193 2545 1336 2610 videtur:

194 2651 359 2740 ἄγρηνόν·
384 2657 552 2737 (ποικίλον
569 2655 703 2742 ἐρεοῦν)
720 2655 940 2731 δικτυοειδές·
963 2655 1033 2739 (καί
1048 2655 1192 2739 ἔνδυμα)
1208 2650 1228 2718 δ
1242 2675 1337 2737 περι-

161 2838 163 2842 .
195 2767 343 2828 τίθενται
366 2769 437 2829 κτλ.
488 2764 542 2828 Ad
569 2773 732 2852 postrema
760 2764 900 2851 denique
927 2763 1088 2850 Hesychii
1114 2764 1216 2829 verba
1244 2786 1336 2848 saga·

193 2875 275 2938 citer
297 2873 497 2939 Schmidtius
520 2874 600 2939 haec
620 2876 808 2940 adnotavit:
832 2869 878 2958 „sl
898 2875 1027 2956 γρῆνον
1042 2871 1265 2958 lexicographi
1287 2884 1337 2938 cst

194 2985 250 3069 qui
272 2979 442 3071 archetypi
464 2982 636 3068 lectionem
659 2993 810 3049 accurate
832 2985 1023 3068 dignoscere
1045 2984 1219 3047 nesciret.“

278 3092 458 3180 Didymus,
488 3101 526 3158 ut
553 3094 656 3158 verba
683 3094 841 3179 Hesychii
869 3092 988 3158 docent
997 3095 1035 3178 ¹),
1070 3094 1221 3158 voculam
1251 3096 1335 3176 γρῆ-

194 3225 256 3278 νυς
277 3202 330 3265 vel
352 3205 481 3286 γρῆνον
502 3202 786 3268 abEratosthene
807 3212 999 3289 usurpatam
1014 3225 1072 3289 pro
1087 3204 1216 3268 variata
1230 3205 1336 3268 forma

193 3311 332 3377 nominis
354 3307 505 3395 dyoquv
526 3312 652 3378 habuit.
697 3311 802 3378 Valde
823 3322 931 3377 tamen
954 3312 1067 3378 dubito
1090 3321 1199 3377 utrum
1220 3335 1334 3378 verum

193 3422 397 3509 perspexerit
418 3443 531 3487 neone.
579 3419 730 3507 ἄγρηνόν
756 3423 1038 3509 vocabulumque
1065 3431 1149 3487 rete
1170 3423 1333 3508 significa-

193 3532 278 3628 turJ)
308 3541 483 3617 cognatum
512 3554 585 3597 esse
613 3554 685 3597 cum
708 3531 796 3616 ἄγρα
825 3541 857 3597 et
885 3530 1003 3616 ἀμρείν
1025 3531 1161 3597 vocibus
1189 3535 1262 3620 quis
1284 3541 1336 3600 est

193 3642 248 3728 qui
262 3663 328 3706 non
342 3641 514 3730 probabile
529 3642 694 3708 existimet
700 3642 748 3730 ³)?
784 3644 888 3730 Atqui
904 3643 931 3707 si
947 3644 1008 3707 hoe
1023 3644 1209 3726 statuimus,
1228 3665 1335 3708 nonne

193 3750 280 3837 quod
314 3775 335 3814 α
369 3751 478 3817 littera
507 3754 671 3820 omittitur
697 3755 874 3842 permirum
908 3762 958 3818 est
985 3775 1023 3818 ae
1056 3773 1160 3841 paene
1193 3753 1333 3817 incredi-

193 3857 317 3943 bile⁴)?
353 3861 556 3964 Lobeckium
580 3884 619 3928 ea
640 3886 693 3928 res
715 3865 877 3951 permovit
899 3873 936 3930 ut
957 3860 1107 3948 ἄγρηνόν
1129 3861 1172 3926 ad
1194 3857 1280 3945 ἄγρα
1302 3872 1335 3927 et

260 4065 286 4130 1)
304 4065 345 4116 Ad
361 4066 506 4131 Didymum
527 4067 598 4118 enim
602 4063 796 4134 probabiliter
818 4086 850 4120 ea
872 4068 954 4119 refert
968 4066 1096 4119 Rohdius
1119 4066 1151 4116 de
1167 4067 1312 4118 Pollucis'
1304 4085 1332 4119 m

191 4147 253 4199 app.
273 4149 363 4186 scaen.
387 4149 475 4186 enarr.
498 4135 668 4200 fontibusp.
686 4138 727 4186 64.
829 4137 856 4201 2)
880 4138 944 4187 Hes.
967 4127 1118 4200 ἄγρηνοὶ·
1145 4132 1258 4189 δίκτυα.

191 4201 271 4260 etv.
289 4200 391 4266 Benloy
414 4203 515 4266 griach
538 4201 759 4254 Wnrzellsxilron
780 4204 809 4253 11
831 4219 856 4268 p.
878 4205 933 4254 141.
997 4200 1024 4268 4)
1048 4205 1082 4253 V.
1100 4201 1209 4252 Lobeck
1230 4203 1333 4267 pathol.

191 4267 237 4318 Gr.
256 4285 334 4320 serm.
353 4270 387 4320 al.
404 4287 430 4335 p.
444 4272 477 4320 22
490 4286 549 4336 sqq
584 4271 788 4323 Demonstravit
806 4270 872 4320 mihi
890 4269 1063 4333 Biichelerus,
1081 4283 1182 4335 pagum
1200 4271 1332 4351 quendam

191 4337 354 4400 Syriacum
346 4355 375 4388 rn
387 4338 613 4404 inscriptionibus
624 4342 667 4388 ter
679 4329 837 4404 Ἆγραιναν,
855 4337 937 4388 semel
951 4338 1082 4401 Γραῖναν
1094 4338 1228 4387 nominari
1241 4337 1333 4403 (Wad-

190 4403 305 4468 dington
323 4406 506 4472 Inscriptions
524 4404 662 4472 Greeques
685 4412 713 4458 et
731 4407 844 4457 Latinas
866 4406 898 4455 de
915 4404 943 4455 la
960 4406 1037 4471 Syrie
1055 4422 1080 4470 p.
1100 4404 1169 4469 561).
1205 4406 1332 4470 Magnam
