3324 5074
302 371 343 434 68
768 373 977 426 uancvarvs

302 541 342 604 iis
367 542 476 606 verbis
499 561 582 627 quae
598 541 639 603 de
654 542 766 604 cadem
781 563 817 605 re
834 541 873 604 in
888 541 1006 606 nostris
1023 541 1265 606 Catasterismis
1281 539 1444 626 leguntur.

302 649 386 714 Ach.
409 650 486 735 περὶ
508 650 545 716 δὲ
561 649 686 716 τοότου
700 651 805 734 φησὶν
817 647 1097 734 Ἐρατοσθένης’
1080 673 1119 715 εν
1133 655 1179 736 τῷ
1194 653 1445 735 καταστερισμῷ

302 759 558 844 μυθικώτερον,
593 752 653 826 τόν
679 760 840 843 γαλαξίαν
868 755 998 826 κύκλον
1024 762 1199 843 γεγονέναι
1228 761 1266 825 έκ
1298 763 1360 823 τοῦ
1387 782 1446 843 της

234 941 238 946 .
294 864 401 953 Ἥρας
422 869 602 951 γάλακτος·
632 872 694 934 τοῦ
715 866 779 954 γάρ
802 867 1006 952 Ἡρακλέους
1028 872 1076 934 ἔτι
1098 868 1288 953 βρέφους”
1270 893 1367 945 οντος
1388 869 1445 932 καὶ
1500 915 1502 920 ,

302 976 363 1042 τόν
390 977 519 1062 μαστόν
547 981 605 1061 τῆς
623 976 729 1060 Ἥρας
758 977 1095 1062 ἐπισπασαμένου
1122 977 1444 1064 σφοδρότερονῐ)

304 1088 470 1170 ἐκείνην
506 1087 774 1165 ἀντισπάσαι,
810 1087 866 1152 καὶ
895 1085 1001 1164 οὕτως
1028 1088 1267 1171 περιχυθέντος
1293 1092 1355 1152 τοῦ
1383 1087 1445 1169 γά-

302 1200 422 1272 λακτος
444 1197 575 1261 κόκλον
596 1198 755 1279 γενέσθαι
785 1198 958 1279 παγέντος.
1003 1198 1128 1262 Catast.
1149 1199 1193 1261 44
1219 1198 1339 1280 διόπερ
1362 1193 1444 1278 φασὶ

301 1302 362 1370 τόν
383 1301 508 1391 Ἑρμῆν
536 1303 604 1371 ὑπὸ
631 1305 693 1389 τήν
720 1307 854 1390 γένεσιν
881 1305 1083 1390 ἀνακομίσαι
1111 1305 1172 1372 τόν
1194 1303 1361 1391 Ἡρακλέα
1389 1305 1445 1369 καί

302 1427 485 1500 προσσχεῖν
507 1413 613 1482 αὐτόν
634 1421 680 1500 τῷ
702 1421 762 1499 τῆς
775 1415 882 1498 Ἥρας
896 1421 1021 1504 μαστῷ,
1044 1414 1104 1481 τόν
1119 1417 1157 1482 ἀὲ
1172 1417 1344 1498 θηλάζειν·
1372 1415 1445 1480 ἐπι-

302 1524 476 1609 νοήσασαν
509 1526 546 1590 δὲ
577 1524 639 1609 τήν
663 1524 774 1607 Ἥραν
807 1524 1053 1592 ἀποσείσασθαι
1090 1524 1212 1609 αὐτόν,
1250 1526 1307 1590 καί
1339 1519 1446 1599 οὕτως

303 1635 507 1718 ἐκχυθέντος
529 1639 590 1700 τοῦ
612 1636 875 1720 περισσεύματος
903 1634 1170 1719 ἀποτελεσθῆναι
1198 1633 1258 1699 τόν
1283 1635 1445 1718 γαλαξίαν

303 1746 442 1809 κύκλον.
489 1743 587 1824 Quod
610 1747 637 1811 si
660 1747 870 1829 concedatur,
898 1769 996 1811 causa
1020 1769 1084 1810 non
1112 1754 1162 1810 est
1184 1767 1242 1810 cur
1264 1744 1385 1808 Suidae
1414 1752 1446 1807 et

302 1854 468 1918 Eudociae
499 1854 601 1918 verba
628 1851 856 1940 ἀστρονομίαν
884 1853 905 1939 ι)
932 1856 1217 1940 καταστερισμοός
1242 1876 1315 1919 cum
1344 1854 1444 1916 Bern-

303 1965 427 2050 hardyo
458 1966 505 2050 (p.
531 1965 605 2049 115)
635 1964 847 2051 adnostros,
876 1986 940 2030 non
963 1966 1005 2030 ad
1027 1967 1226 2051 antiquiores
1250 1965 1444 2029 Catasteris-

302 2097 370 2138 mos
392 2074 582 2138 referamus.

387 2183 441 2247 Ad
476 2183 606 2248 eosdem
640 2185 891 2251 Catasterismos
925 2207 1007 2272 quos
1035 2184 1181 2250 Achilles
1215 2191 1446 2250 commemorat

302 2295 476 2379 pertinent,
501 2295 528 2357 si
551 2302 637 2358 recte
660 2317 731 2359 sese
753 2295 886 2378 habent,
908 2296 1011 2362 verba
1025 2317 1108 2382 quae
1122 2296 1157 2359 in
1172 2294 1273 2360 schol.
1294 2295 1444 2358 codicum

302 2403 330 2466 B
347 2412 379 2466 et
394 2402 488 2468 Leid.
498 2403 523 2488 2)
539 2404 582 2466 ad
603 2403 642 2467 ΙΙ.
659 2408 693 2466 X
703 2405 744 2468 29
766 2404 920 2469 historiae
935 2407 976 2470 de
992 2406 1137 2490 Erigona
1152 2413 1184 2468 et
1199 2405 1304 2469 [cario
1320 2425 1444 2469 eorum-

302 2533 366 2598 que
387 2533 468 2576 cane
490 2513 575 2576 inter
596 2522 686 2577 astra
708 2513 819 2578 relatis
845 2515 1025 2581 adduntur:
1056 2515 1185 2598 ἱστορεῖ
1206 2512 1446 2595 Ἐρατοσθένης

305 2623 343 2686 ἐν
364 2631 434 2697 τοῖς
456 2621 578 2687 ἑαυτοῦ
601 2623 861 2706 καταλόγοις.
900 2624 1131 2710 Bernhardyus
1147 2625 1207 2687 hoc
1230 2625 1359 2687 nomine
1374 2645 1445 2686 eam

303 2732 458 2796 Mercurii
480 2742 607 2818 partem
636 2734 816 2818 significari
838 2742 947 2821 putat,
976 2756 1039 2821 qua
1068 2735 1233 2818 signorum
1257 2730 1445 2796 caelestium

302 2843 444 2926 origines
467 2851 618 2908 narratae
640 2843 809 2930 fuerint.³)
854 2843 1029 2909 Probabile
1056 2844 1117 2908 hoc
1145 2851 1246 2924 esset,
1275 2842 1304 2905 si
1333 2863 1387 2905 eas
1411 2843 1445 2905 in
1545 2903 1549 2920 ,

302 2951 465 3015 Mercurio
486 2961 640 3016 tractatas
663 2953 765 3018 fuisse
791 2955 958 3018 sciremus,
1003 2953 1110 3034 Quale
1137 2963 1247 3018 autem
1275 2973 1443 3036 argumen-

302 3069 371 3124 tum
394 3062 591 3143 καταλόγων
612 3063 742 3126 nomine
764 3063 973 3148 significetur,
996 3061 1226 3149 Bernhardyus
1248 3071 1336 3128 recte
1350 3060 1444 3126 intel-

303 3168 393 3234 lexit.
444 3169 751 3236 Catasterismorum
785 3174 872 3235 enim
905 3193 1003 3258 opus,
1036 3172 1204 3236 continens
1239 3193 1442 3235 enumera-

302 3281 450 3344 tionem
478 3288 638 3345 astrorum
666 3281 780 3345 addita
802 3277 1069 3346 eorum'historia
1090 3280 1243 3367 mythice,
1267 3282 1346 3346 satis
1369 3291 1445 3367 apte

303 3392 399 3453 etiam
422 3393 619 3472 καταλόγων
633 3391 729 3456 titulo
749 3391 908 3458 nominari
929 3393 1047 3478 potuit,
1069 3393 1180 3477 itaque
1202 3391 1365 3476 Bergkius
1389 3412 1443 3453 ve-

301 3521 374 3562 rum
397 3501 604 3585 perspexisse
632 3501 723 3564 videt
710 3510 778 3583 tur,
808 3503 864 3587 qui
892 3500 954 3565 Cat
941 3500 1066 3586 tologos
1093 3523 1113 3564 a
1135 3501 1249 3565 Catast
1236 3501 1376 3564 terismis
1401 3498 1443 3561 ab

303 3606 431 3672 Achille
452 3618 682 3673 commemorat
683 3611 711 3673 is
726 3633 789 3674 non
806 3611 953 3674 diversos
974 3631 1045 3674 esse
1061 3620 1180 3674 censet.
1188 3613 1215 3693 ⁴)
1250 3608 1303 3672 Ex
1325 3607 1444 3694 plurali

304 3718 531 3801 καταλόγων,
565 3721 594 3782 si
626 3728 777 3784 accurate
746 3717 985 3783 tscholiasta
1018 3741 1055 3782 eo
1089 3741 1166 3783 usus
1195 3728 1259 3801 est,
1231 3718 1444 3783 tconoludi

302 3831 420 3913 possit,
448 3828 509 3892 hoc
536 3836 616 3916 opus
640 3829 674 3892 in
696 3828 878 3914 complures
901 3835 1009 3913 partes
1032 3827 1086 3890 vel
1111 3827 1212 3893 libros
1235 3828 1337 3894 fuisse
1360 3829 1443 3893 divi-

306 3973 501 3983 ...ω-*-

373 4058 397 4123 1)
415 4059 494 4108 Diod.
512 4060 549 4108 IV
567 4063 583 4109 9
602 4075 653 4110 του
670 4055 702 4110 rt
721 4051 859 4118 παιδὸς
843 4075 914 4121 νπερ
932 4052 991 4125 τὴν
1009 4052 1042 4127 rit
1046 4059 1125 4110 ικιάν
1143 4055 1305 4125 βιαιότερον
1323 4049 1443 4112 intona·
1529 4111 1532 4116 ,

303 4123 429 4190 σαμένου
448 4119 500 4191 τὴν
518 4122 596 4192 θηλὴ
599 4145 615 4178 ν
634 4129 692 4181 κτλ
777 4129 804 4190 λ)
824 4125 995 4176 Valckenaer
1013 4143 1104 4192 opusc
1124 4127 1217 4192 philol
1235 4129 1363 4194 IIp.18.

303 4193 1443 4259 3).AllgEncyk1.derw1ssenschu.Kiinste13sp.aar·dreKatastensmen

267 4263 269 4268 '
303 4259 488 4326 (Κατάλογοι)
507 4276 597 4310 waren
615 4261 662 4310 der
681 4261 855 4326 Glauapunkt
872 4261 917 4312 des
936 4261 1074 4313 Ganzcnf‘
1142 4232 1169 4326 4)
1187 4263 1290 4314 Ztsclrr.
1305 4263 1323 4312 f
1337 4264 1362 4312 d.
1376 4265 1442 4312 AW.

305 4329 370 4379 1850
396 4346 422 4394 p
446 4331 501 4380 178.
526 4325 719 4392 Valckenarii‚
748 4330 855 4391 Bachii,
883 4330 987 4380 Osanni
1015 4346 1117 4382 errores
1141 4329 1287 4379 nonnullos
1310 4331 1443 4395 liergkius

302 4398 461 4448 refutavit
453 4414 481 4446 m
500 4396 570 4448 anal.
589 4396 664 4446 Alex.
683 4399 738 4462 lp.
758 4400 839 4462 lsqq.
