3354 5076
324 387 366 452 34
717 354 723 367 ’
788 387 999 441 unncvmvs

327 558 476 621 tritarum
499 557 658 621 varietate
680 555 826 620 carmina
852 555 1092 640 distinguerent
1118 565 1218 642 atque
1245 577 1343 641 saepe
1370 577 1390 617 a
1412 557 1468 619 via

328 667 422 752 quasi
454 663 654 730 declinantes
681 686 818 730 amoena
847 664 1049 730 deverticula
1082 673 1276 750 quaererent
1308 663 1469 750 simulque

328 775 542 840 eruditionem
564 777 787 839 ostentarent“
811 775 892 860 (ind.
914 774 988 842 lectt
1011 775 1119 839 Berol.
1144 775 1310 840 1855-56
1331 798 1363 860 p.
1387 774 1432 859 9).

412 885 546 949 Praeter
575 883 824 948 Eratosthenem
852 893 885 948 et
915 883 1116 949 Clitarchum
1147 883 1336 948 Athenaeus
1370 886 1467 948 etiam

327 993 563 1058 Callimachum
595 990 690 1075 ίερόν
718 990 821 1076 ἰχθύν
847 1015 907 1080 pro
933 1002 1049 1058 aurato
1075 993 1228 1058 habuisse
1257 993 1360 1058 tradit
1388 993 1467 1075 (VII

325 1121 357 1190 p.
380 1104 445 1168 284
459 1103 517 1189 O):
542 1105 754 1187 Καλλίμαχος
776 1099 808 1165 δ’
832 1102 870 1167 ἑν
892 1105 1056 1189 Γαλατείᾳ
1078 1101 1139 1168 cdv
1161 1102 1378 1186 χρύσοφρυν·

409 1237 431 1322 ἢ
453 1241 612 1324 μᾶλλον
633 1237 830 1322 χρύσειον
853 1238 897 1302 ἐν
920 1236 1102 1321 ὀφρύσιν
1125 1235 1240 1322 ἱερὸν
1263 1236 1404 1321 ἰχθύν,

409 1345 432 1432 ἢ
454 1350 589 1432 πέρκας,
613 1343 675 1411 ὅσα
696 1345 729 1412 τ’
753 1343 841 1410 ἄλλα
863 1346 959 1430 φέρει
980 1345 1091 1429 βυθὸς
1112 1344 1256 1423 ἄσπετος
1277 1345 1398 1431 ἅλμης.’
1408 1346 1432 1430 ¹)

326 1482 581 1548 Celeberrimum
613 1492 684 1546 erat
715 1482 854 1565 ζήτημα,
893 1479 972 1572 quid
1009 1479 1211 1566 significaret
1247 1478 1337 1564 ίερός
1370 1479 1468 1564 ἰχθύς

325 1591 379 1678 (Il.
404 1597 438 1656 11
459 1593 553 1674 top:
582 1592 693 1676 itaque
715 1591 948 1655 Eratosthenes
972 1593 1081 1655 verbis
1104 1589 1296 1656 Callimachi
1320 1591 1467 1677 repetitis

324 1700 505 1787 profitetur,
529 1702 747 1788 praeceptoris
771 1702 965 1764 sententiam
987 1701 1051 1766 sibi
1073 1699 1247 1787 probatam
1268 1722 1350 1765 esse.

411 1812 529 1875 Variae
556 1819 665 1873 autem
693 1809 787 1873 huius
815 1807 1026 1895 problematis
1054 1810 1250 1892 solutiones,
1278 1809 1320 1874 de
1348 1809 1465 1896 quibus

324 1921 434 2006 agitur
456 1942 476 1983 a
498 1917 674 1985 Plutarcho
688 1917 738 1983 'de
761 1918 831 1984 soll.
853 1917 951 1988 anim.
974 1942 1006 2005 p.
1021 1919 1129 2004 981²),
1151 1920 1194 1984 ab
1209 1919 1378 1983 Athenaeo
1399 1917 1466 1982 VII

323 2054 355 2117 p.
371 2029 434 2094 282
450 2051 531 2116 sqq„
554 2029 589 2092 in
611 2028 744 2094 scholiis
766 2028 809 2093 ad
824 2029 864 2094 Il.
881 2035 917 2094 Π
929 2029 1003 2112 407,
1026 2029 1060 2093 in
1075 2029 1130 2097 Et.
1146 2053 1188 2092 m.
1204 2029 1267 2093 468
1291 2027 1361 2114 (Et.
1377 2028 1464 2093 (tud.

324 2164 355 2227 p.
379 2139 452 2220 212,
474 2139 525 2203 52.
549 2137 620 2219 288,
643 2137 716 2223 38),
744 2140 779 2202 in
807 2122 872 2205 duo
901 2161 1023 2224 genera
1050 2138 1179 2224 disponi
1206 2147 1355 2224 possunt.
1397 2137 1465 2202 Alii

324 2249 410 2313 enim
433 2258 557 2312 certum
581 2248 743 2332 quendam
759 2250 881 2334 piscem
897 2250 938 2314 ab
954 2247 1097 2314 Homero
1113 2247 1279 2334 designari
1293 2249 1466 2334 putabant,
1547 2320 1552 2328 ¹
1660 2285 1661 2308 1

322 2358 378 2421 alii
408 2357 556 2421 latiorem
584 2378 715 2421 sensum
748 2358 937 2423 tribuebant
965 2357 1135 2426 vocabulo.
1185 2357 1230 2422 Et
1258 2354 1307 2421 illi
1335 2355 1464 2443 quidem

322 2489 434 2532 rursus
456 2467 490 2530 in
513 2465 596 2530 duas
619 2467 767 2531 diversas
790 2467 939 2532 abierunt
962 2468 1142 2551 opiniones.
1188 2466 1344 2531 Nonnulli
1365 2468 1405 2530 de
1428 2486 1464 2529 eo

322 2579 413 2662 pisce
440 2575 629 2661 cogitabant
657 2577 713 2660 qui
741 2572 888 2650 ἀνθίας
921 2575 1090 2641 dicebatur
1125 2578 1260 2662 eiusque
1288 2577 1465 2642 sententiae

322 2696 440 2752 testem
461 2685 671 2750 Aristotelem
693 2683 902 2768 adferebant3
925 2688 972 2750 ita
995 2687 1081 2749 enim
1102 2686 1158 2750 ille
1180 2687 1214 2750 in
1236 2686 1312 2749 hist.
1337 2709 1388 2750 an.
1412 2685 1465 2748 IX

323 2795 445 2878 §135:
476 2791 563 2859 ὅπου
585 2791 618 2858 d'
641 2793 686 2858 dlv
707 2792 829 2870 ἀνθίας
851 2793 979 2880 ὁραθῇ,
1009 2790 1072 2859 οὐκ
1094 2797 1165 2859 ἔστι
1186 2797 1324 2878 θηρίον·
1352 2785 1380 2879 ᾦ
1401 2813 1463 2878 ση-
1556 2827 1558 2830 -
1659 2817 1660 2826 ¹

322 2907 404 2990 μείῳ
433 2903 599 2988 χρώμενοι
626 2907 929 2988 κατακολυμβῶσιν
962 2905 998 2969 οἱ
1026 2914 1185 2986 οπογγεῖς
1212 2905 1268 2969 καὶ
1300 2907 1464 2968 καλοῦσιν

323 3010 437 3098 ίεροῦς
459 3013 558 3094 ἰχθῦς
578 3013 730 3090 τούτους.
776 3013 876 3093 Quod
903 3016 931 3078 si
954 3015 1051 3079 etiam
1073 3013 1258 3096 κάλλιχθυς
1286 3035 1306 3076 a
1329 3014 1462 3100 quihus·

322 3123 398 3187 dam
420 3145 478 3209 pro
508 3144 599 3187 sacro
628 3123 717 3208 pisce
743 3123 856 3188 haberi
878 3131 1093 3205 memoratur,
1120 3121 1156 3185 id
1183 3144 1225 3186 ex
1253 3144 1364 3187 eorum
1391 3145 1461 3188 sen·

322 3235 424 3298 tentia
445 3232 580 3316 dictum,
603 3232 659 3319 qui
680 3241 818 3318 utroque
840 3232 1131 3298 nomine·eundem
1144 3233 1270 3318 piscem
1285 3231 1462 3318 significari

322 3341 577 3410 arbitrabantur.
621 3341 662 3406 In
690 3365 829 3430 quorum
855 3353 990 3406 numero
1013 3341 1181 3428 Oppianus
1205 3351 1270 3424 est,
1294 3343 1349 3429 qui
1371 3365 1461 3428 pror-

321 3475 375 3516 sus
398 3451 498 3533 idem,
520 3451 608 3539 quod
629 3452 825 3518 Aristoteles
848 3451 890 3516 de
912 3453 1034 3534 anthia,
1057 3452 1099 3516 de
1120 3450 1256 3537 pulchro
1271 3453 1327 3536 qui
1342 3451 1462 3517 dicitur

320 3563 410 3648 pisce
432 3569 560 3644 narrat,
590 3559 665 3626 Hal.
688 3560 719 3625 V
741 3561 921 3626 627-632.
966 3561 1017 3626 Cf.
1041 3561 1141 3626 schol.
1171 3560 1214 3624 ad
1237 3561 1255 3624 Ι
1279 3561 1350 3626 185.
1395 3561 1459 3626 Sed

321 3672 458 3737 alterum
491 3671 533 3735 ab
566 3669 669 3734 altero
702 3669 968 3755 distinguendum
1003 3693 1075 3734 esse
1103 3671 1204 3734 Dorio
1238 3671 1272 3734 in
1305 3669 1391 3734 libro
1419 3669 1460 3734 de

320 3781 464 3868 piscibus
493 3779 671 3845 contendit.
720 3781 829 3866 Atque
857 3778 942 3844 idern
972 3782 1013 3844 de
1040 3779 1156 3865 helope
1186 3777 1288 3862 valet3
1319 3781 1376 3866 qui
1404 3802 1461 3844 cur

213 3875 215 3879 ,
320 3913 412 3954 sacer
434 3889 618 3956 nominatus
641 3890 684 3953 sit
698 3889 891 3954 Plutarchus
913 3891 995 3953 mira
1010 3891 1135 3953 ratione
1158 3886 1317 3974 explicat:
1341 3889 1461 3953 πολλοὶ

320 3999 357 4064 δὲ
380 3998 441 4064 τὸν
463 4001 604 4079 ἔλλοπα·
629 3997 770 4074 σπάνιος
790 3999 855 4083 γάρ
879 3997 1022 4063 ἐστικαὶ
1044 3995 1086 4062 οὐ
1102 3996 1217 4085 ῥᾴδιος
1237 3993 1366 4062 ἁλῶναι
1387 4000 1457 4062 κτλ,

292 4249 298 4261 ’
389 4271 618 4333 motuterrae
635 4272 802 4324 adTheocr.
827 4275 931 4335 11,116,
968 4274 1106 4323 Immerito
1130 4269 1320 4336 Bernhardyus
1343 4271 1459 4335 priorem

319 4355 427 4390 versum
446 4339 612 4388 Callimacho
629 4340 773 4392 abiudicat.
808 4341 920 4404 Dilthey
938 4341 972 4390 dc
992 4341 1061 4392 Call.
1080 4341 1145 4405 Cyd.
1164 4357 1191 4404 p.
1211 4341 1266 4392 109.
1370 4339 1397 4403 2)
1417 4339 1457 4388 cf.

320 4408 402 4464 etiam
421 4411 525 4472 qtraest.
544 4423 622 4457 conv.
639 4407 706 4456 VIII
724 4410 748 4461 8.
