3354 5076
268 263 311 327 40
334 239 337 244 “
733 210 944 310 unncvmvs

270 431 352 496 caelo
375 413 494 513 quocies
515 429 703 512 reperiretur
723 411 885 490 stellarum
899 422 1095 488 collocatione
1116 441 1197 503 quoe
1218 441 1316 488 causo
1338 427 1414 488 essct

270 541 495 618 concinentiae,
522 557 690 617 recensere,
713 536 858 618 primaru
879 553 918 598 se·
931 555 953 598 c
975 537 1060 596 terro
1081 533 1292 597 transmisisse
1318 531 1413 597 leuce

269 651 410 734 plebum,
435 647 619 733 postquem
639 664 800 728 superasse
820 642 910 722 solis,
939 634 1049 706 delius
1070 641 1229 706 Mercurii
1250 640 1413 733 Stillantis

272 765 300 855 et
320 765 490 825 ceterorum
511 777 581 822 eum
603 755 715 838 cplcsui
735 773 860 820 summo
880 757 909 819 et
929 751 1058 817 cucelsa

356 909 439 975 Ach.
455 909 535 986 Tu.
558 931 590 994 p.
616 907 676 972 136
698 908 729 971 A
760 904 838 988 περὶ
866 904 903 969 δὲ
930 907 989 987 τῆς
1017 903 1223 986 ἐναρμονίου
1250 901 1414 985 κινήσεως

272 1017 387 1084 αὐτῶν
409 1017 590 1104 (stellarum
613 1016 804 1099 errantium)
829 1009 939 1096 einer,
963 1009 1128 1112 &liliive
1142 1009 1284 1095 ’Ἁρατος
1307 1011 1414 1096 ἐντῷ

273 1127 393 1193 κανόνι
415 1127 471 1191 καὶ
490 1123 788 1210 Ἐρατοσθένης
817 1124 859 1188 ἐν
888 1127 938 1208 τῷ
957 1120 1085 1206 Ἑρμῇ·
1103 1120 1159 1184 καὶ
1176 1117 1332 1204 ‘Masulis
1358 1121 1414 1185 καὶ

275 1236 473 1321 Θράσυλλος
495 1236 551 1301 καὶ
563 1233 749 1318 ’Ἄδραστος
767 1211 1008 1317 Ἀφροδισιεύξ.

357 1379 584 1444 Narrationem
612 1379 654 1443 de
675 1377 838 1444 Mercurio
866 1375 991 1439 caelum
1013 1373 1210 1440 ascendente
1235 1372 1278 1438 ad
1300 1397 1415 1462 poema

273 1489 428 1556 Mercurii
450 1491 578 1554 nomine
593 1473 786 1576 inscriptum
801 1473 971 1552 relocavit
985 1484 1172 1568 Fabricius:
1195 1507 1300 1572 neque
1322 1485 1414 1571 quid·

274 1622 371 1687 quam
386 1598 649 1686 profectomagis
665 1599 883 1684 perspicuum.
919 1593 1079 1659 Videmus
1095 1595 1179 1658 enim
1202 1594 1236 1659 in
1253 1595 1414 1684 fragmen·

274 1709 317 1784 tis
340 1689 427 1793 ‘quae
454 1708 497 1770 ad
524 1707 586 1772 hoc
613 1729 742 1772 carmen
767 1707 865 1770 certis
894 1704 1089 1770 testimoniis
1112 1703 1313 1788 referuntur,
1340 1726 1415 1791 poe-

274 1826 343 1882 tam
370 1839 422 1881 res
449 1815 606 1904 caelestes
636 1815 874 1881 describentem
901 1815 1031 1900 saepius
1061 1823 1206 1900 tempore
1235 1823 1415 1900 praeter-

274 1930 333 1992 ito
357 1929 415 2009 uti,
439 1927 482 1990 cf.
498 1926 539 1990 fr.
556 1925 803 1991 XVII-XIX:
827 1924 862 1989 id
885 1926 972 2011 quod
988 1924 1145 2010 explicari
1162 1925 1275 2011 nequit
1289 1926 1354 1990 nisi
1376 1925 1417 1988 de

274 2037 461 2101 narratione
492 2037 689 2121 cogitamus,
729 2057 794 2123 qua
827 2043 923 2121 poeta
958 2033 1099 2121 aliquem
1134 2032 1303 2100 induxerit
1335 2034 1417 2100 caeli
1482 2051 1485 2057 ’

275 2147 371 2230 signa
392 2156 564 2232 motusque
586 2145 874 2232 contemplantem:
904 2166 977 2208 nam
1000 2145 1035 2207 iu
1056 2144 1201 2208 carmine
1221 2167 1309 2214 mere
1332 2146 1417 2232 quod

276 2255 390 2320 dicunt
412 2256 576 2339 didactioo
597 2256 743 2320 absurda
768 2239 850 2320 haec
878 2262 997 2318 essent.
1041 2252 1139 2317 Illum
1169 2275 1246 2319 vero
1276 2255 1330 2340 qui
1356 2258 1418 2319 iter

276 2364 415 2432 caeleste
436 2365 574 2450 suscipit
590 2364 790 2430 Mercurium
811 2386 882 2429 esse
904 2365 976 2449 quis
991 2372 1090 2447 neget
1104 2355 1259 2450 inspectis
1276 2365 1417 2430 Theonis

276 2484 309 2539 ct
337 2471 500 2539 Chalcidii
532 2474 636 2538 locis?
691 2473 829 2550 Constat
860 2482 1027 2559 praeterea
1060 2471 1198 2538 Achillis
1232 2475 1417 2539 testimonio

277 2583 489 2668 sphaerarum
512 2585 756 2648 consonantiam
778 2585 813 2648 in
834 2583 1036 2648 Mercurio
1059 2581 1163 2646 fuisse
1191 2605 1418 2648 commemora·

277 2701 361 2758 tam:
386 2692 428 2757 cf.
450 2691 491 2757 fr.
514 2692 627 2762 XVII.

361 2836 484 2900 Verum
507 2837 593 2899 enim
622 2857 700 2903 vero
722 2847 850 2904 constat
873 2835 1164 2922 etiamid-ipsum
1186 2858 1266 2922 opus
1289 2857 1419 2901 carmen
1533 2919 1536 2926 Ι

277 2945 381 3010 fuisse
410 2941 513 3031 epicis
538 2945 687 3011 versibus
716 2943 945 3032 compositum:
981 2943 1142 3032 quomodo
1168 2944 1270 3030 igitur
1297 2946 1359 3029 ἔπη
1388 2947 1419 3010 ei

278 3055 365 3142 apud
381 3054 547 3136 'Phaonem
562 3053 710 3140 opponi
725 3055 888 3142 possunt?
925 3056 1132 3120 Mirationem
1147 3065 1292 3130 nostram
1306 3057 1420 3140 au'geri

278 3173 423 3251 oportet,
451 3185 525 3227 cum
552 3162 737 3228 viderimus.
754 3186 792 3228 ea
821 3187 904 3251 quae
931 3187 973 3230 ex
996 3166 1086 3252 epico
1114 3164 1256 3228 carmine
1278 3165 1420 3228 citantur

62 3303 73 3314 ·
172 3308 173 3311 ¹
278 3273 321 3340 ad
349 3273 436 3339 idem
458 3271 541 3337 illud
563 3269 789 3358 argumentum
811 3276 844 3338 in
867 3272 1028 3339 Mercurio
1052 3282 1241 3355 tractatum,
1270 3273 1419 3359 sphaera·
1515 3337 1519 3341 ,

278 3406 351 3447 rum
373 3383 744 3466 consonantiam'dia„
759 3385 932 3470 pertinere.
977 3383 1041 3450 Sed
1064 3402 1102 3447 ea
1124 3380 1300 3458 difficultas
1324 3382 1420 3447 facile

271 3492 363 3556 ¹solvi
399 3500 517 3578 potest.
573 3491 804 3566 Demonstravi
840 3494 941 3576 enim,
981 3514 1192 3578 quaecunque
1226 3492 1354 3556 Theoni
1388 3502 1421 3556 et

217 3655 221 3663 ,
279 3600 447 3666 Chalcidis
475 3602 659 3666 communia
687 3604 753 3666 sint
781 3623 823 3667 ex
850 3602 984 3668 Adrasti
1012 3601 1222 3687 Peripatetici
1251 3601 1285 3664 iu
1313 3599 1420 3665 Plato-

267 3712 329 3775 ,nis
344 3711 527 3776 'Timaeum
554 3713 785 3778 commentario
816 3711 869 3784 ab,
884 3733 948 3776 uno
976 3711 1155 3798 descripta,
1189 3711 1232 3775 ab
1255 3710 1358 3776 altero
1387 3711 1421 3774 in

279 3815 432 3886 Latinum
459 3841 639 3889 sermonem
673 3843 832 3890 conversa
858 3843 930 3885 esse
965 3820 1096 3905 (Rhein.
1126 3820 1211 3885 Mus.
1239 3821 1359 3886 XXVI
1388 3845 1420 3908 p.

279 3931 342 3994 582
358 3936 453 4016 sqq.).
489 3929 590 4020 idem¹
604 3930 707 4015 igitur
728 3930 816 3995 valet
844 3930 884 3995 de
912 3930 1023 3996 sabula
1049 3953 1113 4017 qua
1134 3930 1316 3996 Mercurius
1340 3931 1421 3996 caeli

281 4038 516 4124 contemplator
542 4040 719 4105 inducitur.
770 4039 881 4104 Verba
909 4062 990 4126 quae
1018 4062 1089 4104 eam
1118 4049 1310 4126 sequuntur,
1344 4040 1420 4104 inde

281 4171 301 4212 a
337 4147 454 4212 lacuna
490 4171 511 4212 a
547 4170 599 4212 me
635 4151 778 4214 indicata
816 4171 918 4236 usque
961 4152 1004 4215 ad
1045 4147 1284 4234 Ἀλεξάνδρον,
1331 4148 1420 4234 Theo
1477 4143 1480 4148 ’
1553 4164 1566 4203 ί
1668 4239 1669 4248 ¹

282 4256 369 4324 solus
391 4257 502 4324 habet:
537 4280 621 4345 quae
646 4268 756 4324 autem
778 4269 892 4346 postea
917 4257 1073 4345 legimus,
1099 4282 1211 4324 rursus
1238 4258 1421 4323 communia

510 4362 520 4384 a
