3354 5076
231 387 233 392 Ι
272 316 314 381 44
738 283 948 376 rmaovmvs

273 486 424 551 ἐνταῦθα
449 486 599 571 (Thebis)
623 487 739 572 ίερείς·
769 487 900 553 τούτων
922 485 955 551 δ’
979 489 1050 554 ἐστὶ
1073 489 1129 553 ναὶ
1151 487 1188 554 τό
1211 486 1269 566 τός
1291 488 1414 574 ἡμέρας

270 593 315 680 μή
339 593 422 661 κατὰ
444 596 592 681 σελήνην
614 594 722 680 ἀγειν,
745 593 831 662 ἀλλά
846 595 930 663 κατά
952 595 1050 682 ήλιον
1066 602 1137 663 κτλ.
1167 596 1413 665 ἀνατιθέασι

271 705 313 770 δὲ
335 711 386 790 τῷ
411 703 530 790 Ἑρμῇ
556 709 689 771 πᾶσαν
718 703 791 790 τήν
819 707 1016 792 τοιαύτην
1043 708 1221 792 μάλιστα
1248 713 1411 793 σοφίαν.

208 847 217 852 ·
270 817 508 903 Aegyptiorum
540 815 727 881 sacerdotes
761 817 978 903 quadraginta
1010 817 1075 883 duo
1108 817 1274 883 habebant
1304 841 1414 884 saeros

270 926 371 991 libros
395 926 455 991 deo
478 925 587 992 Thoth
609 925 784 991 attributos
794 927 831 1012 ¹),
854 949 992 1013 quorum
1013 935 1166 1013 quattuor
1181 931 1414 994 astronomiam

270 1044 513 1100 tractaverunt:
537 1034 640 1100 Olem.
663 1036 712 1101 VI
734 1036 776 1102 35
803 1033 885 1119 μετὰ
907 1035 945 1101 δὲ
966 1033 1028 1100 τόν
1055 1033 1145 1121 ᾠδόν
1172 1032 1190 1101 ὁ
1219 1034 1415 1120 ἀροσκόπος

215 1207 220 1216 ,
271 1141 458 1229 ἀρολόγιόν
479 1168 515 1209 τε
537 1141 618 1229 perol
641 1154 736 1228 χείρω
751 1145 807 1210 καί
830 1149 968 1230 φοίνικα
984 1143 1204 1228 ἀστρολογίας
1219 1149 1305 1230 ἔχων
1327 1147 1413 1231 σύμ-

270 1257 356 1338 βολα
394 1252 559 1339 πρόεισιν.
620 1258 743 1320 τοῦτον
779 1253 819 1319 τά
855 1251 1150 1339 ἀστρολογούμενα
1186 1261 1255 1320 τω”ν
1289 1255 1413 1342 Ἑρμοῦ

269 1367 414 1447 βιβλίων
441 1364 586 1449 τέσσαρα
613 1362 696 1428 ὄντα
722 1362 783 1429 τόν
811 1362 958 1449 ἀριθμόν
981 1362 1032 1429 ἀεί
1055 1361 1111 1428 διά
1133 1364 1296 1449 στόματος
1324 1369 1414 1450 ἔχειν

270 1473 345 1558 χρή,
369 1465 418 1539 ὦν
440 1471 478 1539 τό
500 1474 562 1557 μέν
586 1473 656 1539 ἐστι
679 1474 832 1558 περὶτοῦ
847 1473 1034 1558 διακόσμου
1056 1478 1126 1539 τῶν
1147 1471 1309 1541 ἀπλανῶν
1331 1501 1413 1560 φαι-

270 1584 423 1668 νομένων
452 1582 604 1666 ἀστρων,
633 1580 671 1647 τδ
700 1583 737 1648 δὲ
765 1584 842 1667 περὶ
869 1587 938 1647 των
967 1583 1125 1649 συνόδων
1152 1585 1210 1680 καὶἸ
1231 1591 1413 1669 φωτισμῶν

270 1692 369 1778 ήλίον
392 1693 448 1758 καὶ
470 1683 623 1778 σελήνης,
646 1689 684 1756 τδ
707 1691 743 1756 δὲ
767 1690 887 1757 λοιπόν
908 1693 986 1777 περὶ
1007 1697 1077 1758 τῶν
1098 1690 1283 1760 ἀνατολῶν.
1330 1697 1413 1761 Oum
1509 1750 1531 1769 ,.

269 1804 371 1889 igitur
385 1803 567 1868 Mercurius
590 1812 627 1866 ut
643 1800 764 1866 Graeci
789 1802 1023 1869 fabulabantur
1037 1803 1152 1892 lyram,
1176 1827 1218 1868 ex
1232 1806 1412 1891 Aegyptio·
1496 1850 1499 1857 -

270 1936 342 1978 rum
364 1913 516 2008 opinione
531 1909 639 1976 Thoth
661 1913 881 1977 astronomiae
904 1914 1072 1979 scientiam
1095 1915 1268 1997 invenerit,
1292 1915 1411 2000 Pytha-

269 2045 440 2109 goreorum
467 2029 576 2086 autem
603 2029 636 2086 et
662 2021 807 2086 Platonis
834 2021 964 2108 placitis
992 2046 1088 2089 voces
1116 2023 1208 2110 lyrae
1235 2021 1277 2087 ad
1305 2034 1411 2089 motus

270 2143 432 2198 astrorum
442 2132 565 2197 fuerint
579 2130 716 2196 relatae:
732 2131 829 2195 facile
841 2141 890 2197 est
902 2131 944 2197 ad
957 2132 1198 2219 explicandum,
1212 2157 1276 2220 qua
1288 2131 1412 2200 ratione

270 2242 504 2308 Eratosthenes
533 2264 572 2306 ea
604 2263 686 2328 quae
714 2241 877 2306 Adrastus
906 2244 1041 2330 exponit
1073 2243 1196 2333 fingere
1223 2245 1374 2330 potuerit.
1384 2245 1411 2331 ²)

270 2355 422 2418 Fortasse
449 2353 501 2417 vir
528 2373 637 2415 rerum
666 2353 904 2438 Aegyptiarum
926 2355 1160 2438 peritissimae,
1189 2377 1263 2419 cum
1285 2354 1411 2420 Mercu-

268 2465 354 2529 rium
376 2464 473 2527 lunae
495 2461 665 2548 sphaeram
688 2481 872 2548 permeasse
894 2460 1047 2544 referret,
1076 2463 1109 2526 in
1138 2462 1200 2528 hac
1227 2465 1412 2529 narratione

270 2569 475 2637 instituenda
503 2573 601 2635 etiam
629 2594 666 2636 eo
686 2571 834 2657 respexit
856 2569 943 2657 quod
966 2571 1073 2636 Thoth
1099 2593 1332 2658 nonnunquam
1355 2573 1411 2638 lu-

270 2705 404 2748 narem
427 2681 589 2769 quandam
616 2680 759 2746 habebat
786 2679 1057 2765 significationem
1077 2680 1236 2768 lunaeque
1261 2683 1412 2749 dominus

271 2792 498 2881 appellabatur
506 2791 546 2874 ³):
581 2812 680 2877 quare
713 2791 747 2853 in
780 2790 979 2874 imaginibus
1007 2800 1270 2876 repraesentatur
1301 2792 1411 2873 lunam

271 2905 340 2968 sive
361 2902 492 2989 plenam
515 2903 586 2967 sive
609 2899 778 2964 dimidiam
800 2900 834 2963 in
857 2901 963 2987 capite
985 2902 1149 2987 gemuel)
1186 2901 1238 2967 Of.
1261 2901 1347 2967 Plut.
1370 2904 1411 2967 de

270 3013 314 3077 Is.
332 3022 364 3077 et
380 3011 436 3076 Os.
452 3033 479 3075 c.
495 3010 536 3074 41
559 3011 615 3075 ael
637 3015 682 3094 τῷ
704 3009 766 3093 μὲν
788 3007 871 3096 ἡλίῳ
893 3007 953 3076 τὸν
969 3008 1136 3096 Ἡρακλέα
1157 3014 1412 3096 μυθολογοῦσιν

273 3120 497 3206 ἐνιδρυμένον
519 3123 726 3203 περιπολεῖν,
749 3124 790 3204 τῇ
814 3119 851 3185 δὲ
874 3119 1001 3205 σελήνη
1023 3121 1084 3185 τόν
1102 3119 1236 3204 Ἑρμήν.

354 3232 407 3295 De
428 3231 631 3318 planetarum
653 3229 879 3310 collocatione,
913 3232 947 3294 in
970 3251 1067 3315 quam
1094 3216 1191 3315 primi
1213 3231 1411 3316 Pythagorei

269 3343 450 3407 accuratius
480 3338 690 3426 inquisivisse
719 3334 870 3405 ἀλουσίαν
878 3341 919 3423 ⁵),
954 3331 1040 3403 inter
1072 3347 1199 3404 veteres
1229 3338 1411 3426 complures

269 3451 372 3516 fuisse
400 3449 567 3536 opiniones
597 3459 708 3515 notum
735 3433 795 3521 est.
839 3451 892 3514 De
913 3448 991 3514 luna
1013 3446 1145 3534 quidem
1172 3457 1205 3513 et
1230 3449 1270 3512 de
1292 3449 1417 3514 Martis

270 3561 370 3641 Iovis,
394 3558 528 3624 Saturni
550 3559 663 3623 ordine
684 3560 769 3624 inter
790 3580 901 3623 omnes
924 3559 993 3622 fere
1008 3560 1193 3624 constabat:
1217 3567 1252 3624 at
1267 3559 1308 3623 de
1330 3560 1409 3642 sole,

203 3722 208 3732 .
270 3669 442 3752 Mercurio,
465 3667 594 3732 Venere
614 3668 671 3732 alii
692 3667 788 3733 aliter
809 3667 1012 3733 iudicabant.
1054 3666 1309 3752 Anaximandri,
1332 3668 1409 3733 Par-

340 3942 365 4008 1)
385 3941 474 3996 Clam.
486 3941 584 3992 Strom.
602 3941 647 3991 v1·
658 3943 767 3992 35-37.
802 3942 843 3993 cf.
861 3942 935 3992 Plut.
958 3941 990 3991 de
1007 3940 1044 3992 Is.
1063 3945 1091 4006 et
1109 3942 1156 3993 Os.
1177 3957 1199 3992 c.
1217 3943 1258 3992 61.
1294 3944 1410 4009 Lepsius

270 4002 319 4062 das
338 4009 515 4062 Todtenbueh
537 4008 585 4060 der
607 4009 745 4074 Aegypter
767 4027 792 4074 p.
814 4013 853 4059 17.
893 4009 997 4070 Quibus
1019 4009 1200 4061 fundamentis
1223 4027 1256 4060 ea
1279 4011 1411 4072 nitantur,

272 4093 339 4144 quae
357 4078 388 4127 de
404 4076 495 4127 Thoth
518 4077 568 4127 deo
592 4077 741 4142 „ogdoadis
763 4076 889 4126 domin0“
911 4076 1071 4128 Knoetelius
1089 4077 1193 4142 profert
1215 4078 1321 4141 (Rhein,
1338 4079 1409 4127 Mus·
1449 4119 1453 4126 .

271 4147 351 4195 XXII
369 4162 394 4210 p.
413 4147 462 4194 522
476 4145 556 4209 sqq),
573 4144 729 4196 diiudicare.
740 4159 853 4210 nequeo.
955 4143 981 4207 2)
1000 4143 1041 4194 Of.
1061 4144 1157 4196 Manil.
1174 4145 1188 4196 1
1206 4149 1238 4197 30
1250 4161 1308 4211 sqq.

271 4213 298 4276 3)
318 4215 426 4263 Bunsen
445 4212 599 4276 Aegypte-ns
618 4211 702 4262 Stella
718 4213 748 4262 in
765 4213 811 4263 der
822 4211 988 4278 Weltgeseh.
1007 4213 1020 4262 I
1038 4229 1063 4278 p.
1076 4215 1125 4264 463
1136 4227 1176 4277 sq.
1245 4213 1273 4274 4)
1292 4212 1411 4276 Parthey

271 4281 344 4331 Plut.
363 4281 428 4330 iiber
445 4280 498 4331 Isis
516 4295 543 4329 u.
563 4279 608 4329 Os.
627 4296 652 4344 p.
672 4282 721 4330 154
730 4297 770 4347 sq.
850 4281 877 4346 5)
895 4281 1030 4332 Eudemus
1049 4281 1120 4346 apud
1138 4280 1231 4344 Simpl.
1250 4279 1279 4330 in
1295 4279 1410 4332 Aristot.

270 4348 355 4400 libros
373 4348 406 4398 de
423 4347 498 4399 caelo
516 4362 542 4413 p.
559 4349 628 4398 area
644 4347 738 4400 Karst.
