3354 5076
672 303 883 359 Mnucvnlvs
1307 305 1347 370 51

292 472 394 540 ὀκτά
420 471 466 558 (1η
491 473 588 538 τάδε
610 473 743 538 πάντα
766 470 843 537 σάν
865 467 1114 559 ἁρμονίῃσιν
1137 471 1300 559 ἀρήρει,

294 581 396 650 ὀκτώ
421 581 453 647 δ’
478 585 522 648 ἐν
553 588 756 676 σφαίρηοι
778 583 1002 648 κυλίνδετο
1029 583 1203 670 κύκλῳῐ)
1234 580 1349 649 ἰόντα

563 693 711 776 ἐνάτην
733 693 826 775 περὶ
848 703 980 776 γαῖαν.

292 841 448 904 Extrema
470 847 673 903 monstruose
695 846 850 922 corrupta
872 837 1025 922 leguntur
1047 839 1134 924 apud
1158 839 1348 906 Anatolium

206 953 240 1014 in
256 949 369 1014 Theol.
388 950 517 1013 arithm.
534 971 564 1034 p.
581 949 622 1012 56
644 943 664 1030 ἦ
680 947 882 1031 περιέχουσα
903 947 1068 1012 τά-τιάντα
1084 959 1212 1033 σφαῖρα
1233 946 1348 1034 ὀγδόη,

208 1058 292 1140 ὅθεν
312 1057 510 1143 ἡπαροιμία
526 1057 660 1141 ,,κάντα
677 1052 789 1121 (tutan
806 1075 899 1140 φησι.
937 1050 1012 1121 σὺν
1035 1055 1137 1123 ὀκτιά
1161 1056 1207 1143 ov}
1231 1065 1349 1144 σφαί-

118 1225 120 1229 ,
209 1187 303 1255 ρησι
326 1168 569 1232 κυλίνδεται
592 1165 610 1232 ὁ
633 1167 831 1231 κυκλώιον
848 1167 1003 1250 ἐνάτην
1019 1167 1349 1255 τεριγαίηνἘρα-

206 1281 371 1370 τοσθένης
392 1281 507 1363 φησίν.

291 1389 350 1453 Vs.
377 1392 403 1452 1.
440 1389 707 1472 συναρμονίησιν
729 1388 834 1452 codex
849 1388 993 1452 Venetus
1009 1389 1070 1453 307
1093 1411 1178 1454 ume
1200 1391 1348 1458 collatus.

291 1501 320 1562 2.
359 1487 521 1583 epulones
544 1498 638 1565 codd.
660 1498 875 1562 Laurentiani
897 1497 984 1579 59,1
1008 1508 1041 1563 et
1063 1499 1115 1582 85,
1139 1500 1203 1583 92²)
1247 1505 1348 1586 σφαί-

208 1627 298 1691 ραισι
320 1631 402 1677 corr.
425 1631 468 1671 m.
485 1609 539 1672 alt.
555 1631 597 1672 ex
620 1611 777 1690 σφαίρεσι
793 1608 876 1672 Ven.
909 1611 1067 1692 σφαίρεσι
1082 1609 1250 1675 Parisinus
1264 1613 1350 1677 2450

208 1717 263 1804 (ab
291 1719 323 1783 J.
353 1717 567 1801 Guttentagio
597 1718 630 1780 in
657 1741 751 1782 usum
781 1740 889 1782 meum
916 1717 1067 1803 collatus)
1098 1728 1131 1782 et
1157 1719 1349 1788 Laurentia-

207 1851 267 1892 nus
290 1829 409 1913 98,19.
511 1906 515 1913 Ι

291 1939 322 2003 3.
360 1937 494 2022 ἐνάτην-
518 1940 693 2021 περιγαίην
721 1938 878 2024 praebent
905 1937 1018 2002 'rheot
1051 1939 1149 2003 ἐννέα
1176 1945 1244 2006 τῶν
1272 1941 1348 2025 περὶ

206 2059 307 2131 γαῖαν
340 2047 498 2131 Venetus,
534 2070 618 2133 quae
646 2046 747 2112 verba
778 2047 949 2132 postmodo
978 2048 1086 2113 deleta
1120 2060 1196 2115 sunt
1224 2076 1264 2115 m.
1290 2052 1348 2118 alt.

206 2170 243 2224 ut
271 2159 580 2223 videtu1·..Deesse
608 2158 762 2222 videntur
789 2159 823 2220 in
852 2159 968 2223 ceteris
996 2159 1139 2223 Theonis
1168 2161 1347 2228 codicibus.
1426 2180 1433 2197 ·

207 2263 298 2333 ταῦτ’
330 2267 454 2352 ἐνάτην
475 2265 552 2352 περὶ
579 2278 679 2351 γαῖαν
706 2267 869 2350 Bergkius
899 2267 1028 2332 Ztschr.
1051 2270 1075 2332 f.
1099 2269 1130 2336 d.
1154 2271 1242 2335 AW.
1267 2273 1349 2338 1850

207 2403 239 2466 p.
265 2381 335 2444 177.
379 2380 522 2444 Possunt
550 2379 647 2442 etiam
677 2375 770 2461 plura
796 2369 917 2441 omissa
943 2398 1024 2442 esse.
1075 2380 1127 2443 cf.
1157 2380 1271 2444 Theol.
1301 2405 1366 2473 ar.-

207 2513 238 2575 p.
260 2491 301 2555 58
330 2490 367 2553 αἱ
394 2499 535 2573 σφαῖραι
564 2484 640 2572 περὶ
669 2485 815 2572 ἐννάτην
842 2509 908 2568 νην
936 2487 1148 2571 στρέφονται.
1194 2490 1279 2555 Plut.
1308 2493 1349 2556 de

206 2622 258 2663 an.
281 2622 386 2686 p1·.oor
410 2622 440 2685 p.
467 2599 548 2661 1029
571 2596 700 2661 Doto
701 2593 963 2724 ἓτρεσβάτεροι
985 2598 1126 2675 Μούσας
1147 2601 1348 2728 παρέδωκαη

207 2704 302 2772 κάλ’
283 2719 363 2792 ημῖν
386 2707 500 2773 ἐννέα
523 2705 582 2783 τάς
603 2701 704 2790 μὲν
688 2704 787 2787 omui,
810 2704 1004 2791 καθάπερ*
989 2731 1007 2770 ο
1028 2709 1186 2791 Πλάτων,
1210 2712 1286 2793 περὶ
1308 2707 1349 2776 τά

208 2815 363 2901 οὐράνια·
386 2841 448 2902 την
471 2818 507 2882 δὲ
531 2818 678 2901 ἐννάτην
700 2813 740 2880 τά
763 2819 915 2898 περίγεια
937 2822 1052 2900 κηλειυ
1067 2815 1348 2905 ἀνακαλουμένην

207 2929 263 2993 καὶ
278 2931 488 2994 καθιστᾶσαν
504 2929 542 2992 ἐκ
558 2926 687 3010 πλάνης
702 2927 758 2990 κα1
774 2927 940 3024 άιαφορᾶς
954 2923 1150 3011 άνιομαλίαν
1173 2930 1229 2996 καὶ
1245 2952 1347 3014 ταρα-

206 3036 267 3122 χὴν
290 3039 439 3122 ἐχούσης.

291 3151 387 3213 Prius
411 3144 496 3212 ὀκτώ
521 3170 592 3210 oum
616 3142 818 3232 ἁρμονίησιν
832 3150 1085 3214 construendum
1100 3174 1171 3216 esse
1186 3175 1249 3216 non
1267 3155 1347 3216 satis

207 3258 410 3324 considerate
430 3257 663 3343 Bernhardyus
684 3243 820 3322 adnotat
844 3261 889 3344 (p.
911 3259 996 3344 165).
1041 3259 1239 3325 Efficiuntuu
1261 3264 1347 3326 enim

207 3393 249 3434 ex
276 3378 423 3434 veterum
456 3367 688 3452 imaginatione
715 3379 805 3432 motu
833 3367 1020 3432 caelestium
1055 3391 1227 3455 corporum
1258 3381 1347 3436 outo

176 3475 179 3478 ’
207 3502 341 3560 voces,
370 3501 434 3547 non
456 3488 545 3544 octo
573 3477 820 3543 harmoniae:
856 3477 891 3542 id
921 3479 1007 3564 quod
1036 3484 1220 3553 accuratius
1248 3503 1345 3568 expo-

206 3612 283 3654 nere
311 3588 488 3653 lectoribu's
516 3588 630 3651 harum
664 3609 770 3651 rerum
799 3579 921 3673 peritis¹
949 3611 1013 3651 non
1040 3593 1257 3654 necessarium
1285 3599 1345 3654 est.

208 3699 260 3764 Of.
282 3698 376 3764 Plato
399 3697 471 3762 Oiv.
488 3697 522 3761 X
537 3721 569 3784 p.
586 3695 692 3761 617ss
716 3696 754 3760 ἐκ
776 3701 916 3762 ιιασιὸν
939 3697 976 3762 δὲ
1004 3695 1108 3764 ὀκτά
1132 3697 1244 3764 οὐσῶν
1265 3703 1346 3781 μίαν

275 3941 301 4003 l)
320 3941 382 3990 Non
401 3937 532 4003 reperitur
550 3937 689 4006 correptio
707 3936 816 3987 litterae
836 3954 857 3986 ω
874 3937 904 3986 iu
921 3937 972 3987 hoo
990 3953 1085 3989 versus
1103 3939 1162 3988 loeo
1181 3937 1251 4003 apud
1264 3938 1347 3990 Galli-

206 4007 341 4058 uiaohum.
364 3956 445 4056 idemp
454 4006 529 4055 valet
537 3998 634 4083 (quod
652 4021 686 4054 ex
708 4009 785 4085 parte
810 4005 886 4054 casui
903 4005 1084 4070 tribuendum)
1107 4005 1140 4054 de
1163 4007 1196 4057 tr.
1219 4006 1346 4057 xvnta

207 4072 359 4140 (κέντρου).
386 4073 452 4123 XIX
471 4076 503 4123 19
520 4062 639 4152 (ἄλλαι).
669 4074 701 4122 14
718 4064 827 4137 (ἄμφω,
844 4071 914 4135 καὶ).
941 4071 1044 4122 Contra
1057 4073 1221 4138 iespondeut
1238 4091 1347 4126 normae

206 4143 402 4194 Calltntucheae
421 4135 728 4206 Ν9(κικλη’σκεται).
766 4139 831 4190 VIll
855 4131 1045 4204 (διαφυεται)
1084 4139 1196 4190 XXIII
1221 4137 1279 4206 (οι).
1314 4142 1347 4194 V.

206 4210 355 4262 Schneider
371 4208 405 4259 ud
424 4209 529 4259 Gallim.
548 4208 574 4258 h.
593 4211 617 4269 9,
637 4210 693 4257 110.
782 4205 809 4269 9)
828 4208 870 4256 De
889 4206 1010 4257 Theonis
1028 4213 1054 4256 et
1073 4207 1186 4259 Achillis
1205 4210 1347 4258 codicibus

205 4279 401 4329 Laurentianis
420 4278 492 4342 quod
513 4276 707 4326 adlectionem
729 4288 855 4323 versuum
874 4274 1144 4326 Eratosthenioorum
1168 4277 1269 4326 attinet
1291 4292 1346 4326 cer-

204 4347 299 4397 tiorem
319 4362 360 4396 ine
381 4345 447 4396 tecit
465 4345 620 4394 Ludovicus
637 4343 670 4390 de
690 4340 768 4404 Sybel
788 4342 892 4390 amicus
910 4343 1075 4394 carissimus

1107 4425 1144 4477 4*
