3324 5074
335 363 394 426 110
819 361 981 414 cardoun

331 528 448 613 ἄγρεῖν
474 533 636 619 pertinere
660 505 796 616 negaret
824 529 962 619 (pathol.
986 551 1082 594 serm.
1104 528 1164 595 Gr.
1187 529 1309 616 proleg.
1331 552 1364 616 p.
1386 531 1475 618 200).

332 642 397 706 Sed
420 641 496 707 licet
517 664 591 708 eum
614 663 737 706 errasse
759 663 824 705 non
846 661 905 726 pro
928 648 1017 705 certo
1039 639 1289 722 affirmaverim,
1312 649 1420 706 tamen
1443 642 1478 705 in

332 775 402 817 eam
426 773 554 839 quoque
576 751 781 834 sententiam,
805 731 841 815 dt
862 751 927 814 iam
943 750 1140 836 significavi,
1163 771 1261 836 aegre
1282 772 1340 815 nos
1356 750 1478 816 adduci

331 864 504 950 patiemur.
1487 939 1490 942 Ι

417 972 596 1058 Propterea
617 970 752 1054 conieci,
769 969 1053 1035 Eratosthenicum
1069 968 1151 1033 illud
1165 972 1294 1053 γρῆννς
1315 979 1372 1034 aut
1393 974 1477 1052 γρῆ-

334 1104 395 1145 νον
418 1083 549 1162 omnino
572 1102 637 1144 non
665 1079 871 1144 referendum
899 1101 971 1144 esse
999 1079 1042 1142 ad
1064 1075 1225 1161 ἄγρηνόν.
1271 1078 1311 1142 In
1340 1078 1477 1144 eandem

332 1192 516 1277 opinionem
544 1191 609 1254 iarn
638 1188 695 1253 alii
722 1188 916 1253 inciderunt.
966 1187 1182 1274 Bernhardyc
1211 1190 1296 1252 enirn
1324 1189 1370 1275 (p.
1404 1189 1476 1270 155)

265 1301 269 1312 “
332 1311 365 1367 et
387 1300 547 1366 Schoenio
576 1299 633 1384 (de
653 1321 865 1386 personarum
892 1300 926 1363 in
954 1299 1033 1365 Eur.
1055 1299 1175 1362 Bacch.
1204 1297 1319 1366 habitu
1348 1299 1476 1363 scenico

332 1433 362 1496 p.
385 1411 442 1496 54)
471 1420 585 1493 γρϊνος
612 1411 646 1474 in
668 1418 809 1473 mentem
832 1409 939 1489 venit,
968 1429 1033 1493 qua
1055 1407 1159 1472 forma
1188 1406 1347 1473 dialectus
1378 1430 1476 1495 quae-

331 1521 406 1584 dam
428 1542 487 1607 pro
510 1541 592 1585 voce
621 1518 715 1601 ῥινός
742 1517 940 1601 utebatur.¹)
985 1517 1051 1582 Sed
1078 1516 1156 1581 dum
1183 1519 1366 1583 accuratius
1396 1519 1476 1582 haec

331 1637 586 1716 persequuntur,
615 1626 764 1693 diversas
792 1629 862 1694 vias
885 1627 1044 1710 inierunt3
1073 1626 1305 1713 Bernhardyus
1327 1649 1392 1713 pre
1409 1627 1475 1692 He-

331 1739 497 1824 sychianis
519 1741 652 1821 γρῆννν
674 1733 695 1820 ἢ
716 1739 845 1820 γρῆνον
868 1736 1077 1801 scribendum
1100 1759 1170 1801 esse
1192 1739 1330 1801 coniecit
1352 1747 1477 1821 γρϊννν

330 1847 353 1930 ἢ
374 1859 509 1932 γρῑνονι
543 1847 721 1914 Schoenius
750 1858 860 1912 autem
883 1847 1010 1924 statuit,
1034 1849 1172 1932 primum
1195 1869 1238 1912 ex
1259 1869 1340 1912 voce
1361 1857 1478 1931 γρῖνος

332 1959 450 2022 vitiosa
484 1956 717 2043 pronuntiandi
743 1957 976 2022 consuetudine
1004 1956 1220 2043 depravatum
1252 1979 1325 2021 esse
1352 1960 1477 2040 γρῆνος

331 2067 385 2133 vel
407 2071 555 2151 γρῆνον,
584 2077 654 2131 tum
676 2075 809 2154 propter
831 2088 984 2132 sonorum
1007 2065 1252 2130 similitudinem
1275 2066 1318 2130 ad
1341 2066 1476 2130 eandem

332 2177 605 2261 significationem
627 2174 711 2240 male
734 2173 921 2240 traductum
944 2196 1016 2240 esse
1031 2174 1225 2241 vocabulum
1241 2173 1403 2259 ἄγρηνόν.
1437 2174 1475 2238 In

331 2309 366 2376 re
388 2287 605 2352 incertissima
628 2287 714 2350 sicut
734 2285 826 2368 haec,
847 2285 895 2350 ita
917 2285 1014 2349 etiam
1037 2285 1102 2349 alia
1127 2294 1264 2369 possunt
1286 2285 1476 2369 excogitari.

333 2396 387 2460 Ex
415 2396 575 2482 Hesychii
603 2395 714 2462 verbis
743 2394 978 2480 colligendum,
1007 2417 1086 2459 voce
1113 2393 1170 2458 illa
1192 2393 1233 2458 de
1256 2416 1320 2480 qua
1347 2394 1476 2478 agimus

332 2515 456 2570 vestem
479 2505 521 2569 ab
537 2505 756 2572 Eratosthene
778 2504 997 2589 significatam
1019 2525 1090 2568 esse
1111 2504 1145 2567 in
1162 2503 1283 2569 Bacchi
1306 2503 1396 2567 cultu
1419 2503 1476 2567 ad·

321 2615 480 2681 bibitam.
518 2614 609 2679 Idem
633 2636 711 2679 vero
727 2613 915 2700 Hesychius
938 2635 1077 2706 quocum
1099 2616 1250 2697 congruit
1272 2613 1326 2677 Et.
1342 2636 1385 2676 m.
1401 2614 1474 2695 241,

334 2727 373 2790 14
388 2725 583 2790 vocabulum
607 2724 737 2809 γρήνη
753 2726 987 2812 interpretatur
1001 2723 1112 2790 verbis
1129 2719 1235 2806 ἄνθη
1257 2722 1475 2804 σύμμιατα.

331 2836 468 2901 Licetne
489 2837 622 2917 γρὴνυν
653 2834 716 2899 buc
743 2835 887 2902 referre?
936 2833 1035 2902 Diod.
1058 2833 1151 2900 1V4
1181 2831 1264 2896 κατὰ
1292 2832 1329 2896 δὲ
1358 2829 1415 2908 τὰς
1438 2832 1477 2896 ἐν

333 2943 451 3028 εἰρήνῃ
467 2942 673 3026 πανηγύρεις
688 2943 743 3009 καὶ
760 2941 875 3028 ἑορτὰς
898 2945 1078 3027 ἐσθῆσιν
1101 2938 1299 3017 ἀνθιναῖς
1320 2941 1377 3006 καὶ
1392 2923 1477 3005 κατὰ

246 3081 247 3086 ’
331 3051 393 3137 τὴν
414 3052 627 3139 μαλακότητα
649 3063 832 3138 τρυφεραῖς
859 3057 1007 3149 χρῆσθαι
1034 3053 1240 3137 (Bacchum).
1285 3050 1406 3117 Pollux
1428 3051 1479 3116 IV,

334 3164 393 3230 118
420 3162 441 3247 ἡ
466 3161 503 3228 δὲ
532 3159 737 3246 σατυρικὴ
766 3160 894 3247 ἐσθὴς
921 3165 1052 3248 νεβρίς,
1082 3163 1159 3246 αἰνῇ
1182 3168 1253 3226 κτλ.
1282 3161 1338 3225 καὶ
1360 3160 1477 3245 χλανὶς
1587 3150 1590 3159 ’

331 3271 534 3358 ἀνθινή.ἳ)
581 3275 639 3337 117
664 3268 682 3336 ὁ
703 3273 741 3337 δὲ
763 3269 932 3354 κροκωτός
954 3272 1101 3354 ἱμάτιον·
1131 3269 1303 3347 Διόνυσος
1324 3270 1362 3336 δὲ
1385 3265 1477 3353 αὐτῷ

334 3383 453 3467 ἐχρῆτο
475 3384 533 3447 καὶ
554 3385 794 3468 μασχαλιστῆρι
816 3379 975 3467 einhardi
998 3380 1054 3447 uui
1076 3381 1209 3468 θύρσῳ.

416 3493 455 3556 Id
478 3513 556 3556 vero
573 3502 719 3581 apparet,
743 3493 771 3556 si
786 3496 915 3576 γρῆννς
929 3490 983 3557 vel
998 3494 1127 3575 γρῆνον
1141 3513 1206 3556 non
1221 3492 1307 3556 idem
1323 3490 1474 3575 estquod

331 3599 498 3684 ἅγρηνόν,
527 3622 657 3666 causam
686 3603 817 3669 omnino
839 3624 905 3669 nnn
928 3624 1014 3684 esse,
1038 3621 1097 3665 cur
1118 3623 1212 3666 usum
1234 3601 1366 3664 amiculi
1388 3599 1474 3662 iilius

331 3710 420 3798 quod
442 3713 584 3798 speciem
613 3713 691 3775 retis
721 3712 862 3777 habehat
884 3734 950 3776 non
972 3711 1077 3776 solum
1106 3712 1273 3778 vatibus
1301 3709 1474 3793 tragicis

331 3844 443 3886 verum
467 3823 566 3887 etiam
588 3821 774 3886 hominibus
791 3820 1025 3887 bacchantibus
1048 3799 1276 3886 attribuamus.
1312 3819 1365 3883 Ita
1388 3818 1474 3882 enim

331 4053 536 4104 similitudinem
554 4053 625 4103 inter
642 4052 713 4103 hanc
735 4053 893 4104 varietatem
913 4058 941 4102 ct
965 4067 1025 4103 eam
1048 4051 1081 4101 de
1105 4067 1159 4116 qua
1181 4051 1335 4113 Hesychius
1354 4049 1475 4114 loquitur

331 4133 450 4186 agnosco
472 4137 505 4172 ac
527 4121 620 4170 miror:
649 4121 733 4170 nolim
754 4136 820 4170 vero
838 4136 872 4170 ex
890 4120 1006 4201 barbaro
1025 4125 1056 4168 ut
1068 4119 1179 4198 'videtur
1201 4119 1309 4168 nomine
1329 4117 1474 4197 quidquam

330 4186 793 4318 trtttt‘ambhhtttr
805 4186 1350 4329 deheubarth·stitutum
1363 4184 1475 4317 stiffi?

399 4323 426 4406 h)
447 4325 490 4375 Of.
507 4325 588 4375 Dion.
606 4323 671 4375 Hal.
690 4324 783 4388 Antiq.
805 4323 881 4374 Rom:
899 4323 952 4373 VlI
971 4325 1002 4372 72
1025 4339 1051 4386 p.
1075 4325 1138 4372 1491
1161 4319 1332 4386 sacedotum
1353 4312 1384 4370 ἐκ
1402 4335 1475 4371 ααν·

330 4386 379 4451 τὰς
397 4393 518 4452 arduus.
