3324 5074
292 1203 324 1254 ι’
382 1195 645 1273 INOERTAE
675 1195 822 1272 SEDIS
849 1195 1174 1272 FRAGMENTA

711 1413 848 1477 XXXV

292 1541 370 1605 Ath.
386 1541 403 1604 I
418 1564 450 1626 p.
465 1540 508 1604 24
523 1543 553 1604 A
576 1543 762 1627 (postquam
786 1541 937 1626 exposuit
957 1541 1130 1605 πάσασθαι
1152 1525 1288 1605 verbum
1308 1538 1351 1602 ab

207 1649 350 1714 Homero
366 1647 421 1712 ἐπὶ
436 1654 497 1714 τοῦ
513 1647 770 1731 ἀπογεύσασθαι
786 1650 1021 1731 tantummodo,
1037 1671 1201 1736 nunquam
1219 1649 1274 1714 ἐπὶ
1289 1652 1351 1712 aori

207 1763 430 1842 πληρωθῆναι
445 1759 610 1847 usurpari)
633 1759 669 1822 oi
688 1759 724 1823 dl
747 1758 905 1840 νεώτεροι
928 1758 984 1822 καὶ
1008 1759 1062 1823 ἐπὶ
1084 1761 1146 1822 τοῦ
1167 1761 1350 1842 πληρωθῆ-

206 1892 264 1933 ναι
286 1868 418 1933 σιθέασι
439 1865 477 1932 σὸ
499 1867 683 1933 πάσασθαι.
729 1871 941 1953 Καλλίμαχος
951 1868 974 1952 ¹)

811 2001 928 2086 μύθου
950 2000 988 2066 δὲ
1011 2003 1183 2086 πασαίμην
1295 2063 1297 2068 .

290 2110 433 2199 ἥδιονά)

203 2245 446 2331 Ἐρατοσθένης

814 2351 992 2419 ὀπταλέα
1015 2356 1112 2438 κρέα

292 2466 336 2531 ἐκ
359 2466 544 2549 ιε’φρης3)
562 2461 874 2529 ἐπάσαντοσάτ’
891 2461 1347 2546 άγριάσσονιεςὲλονιο.
1433 2525 1435 2530 .

292 2599 565 2667 Observationem
592 2599 681 2665 illam
710 2600 752 2663 de
779 2599 873 2665 verbi
895 2598 1071 2664 πάσασθαι
1092 2622 1154 2664 usu
1177 2601 1351 2665 Homerico

207 2734 272 2777 non
294 2734 427 2798 prorsus
450 2731 562 2775 veram
584 2731 656 2774 esse
678 2709 902 2774 demonstrant
929 2711 1089 2794 imprimis
1112 2709 1222 2773 Vlixis
1250 2711 1351 2773 verba

206 2843 290 2909 qnae
313 2832 388 2886 sunt
410 2822 444 2884 in
467 2820 506 2888 ll.
533 2823 563 2882 T
582 2819 643 2883 160

291 2951 376 3019 άλλά
399 2953 572 3019 πάσασθαι
594 2951 725 3035 ἄνωχθι
746 2955 832 3037 θοῇς
854 2949 910 3017 ἐπὶ
931 2952 1056 3046 νηυσὶν
1075 2951 1227 3037 Ἀχαιούς

291 3066 387 3130 σίτου
410 3062 466 3128 καὶ
488 3067 595 3128 οἴνοιο
618 3066 688 3126 κτλ.

205 3199 262 3265 ubi
290 3198 464 3264 ridiculum
487 3208 574 3263 esset
594 3221 660 3264 non
682 3196 723 3261 de
746 3195 909 3286 explenda
930 3196 1016 3262 fame
1039 3199 1096 3262 sed
1120 3196 1161 3262 de
1184 3198 1346 3282 gustando

206 3309 362 3394 cogitare.
371 3309 398 3388 ⁴)
444 3306 537 3373 Idem
559 3308 647 3371 valet
668 3304 710 3371 de
730 3306 809 3372 locis
826 3307 996 3393 Odysseae
1019 3331 1039 3370 α
1059 3308 1127 3371 124.
1151 3306 1237 3372 06].
1262 3331 1282 3372 κ
1296 3308 1348 3372 68.

206 3457 247 3465 -
270 3418 322 3482 De
345 3438 424 3483 voce
446 3411 639 3500 άγρσίσσειν
660 3440 692 3485 v.
708 3416 888 3481 Schneider
909 3438 981 3481 exc.
1004 3415 1047 3479 ad
1063 3415 1192 3485 Gallim.
1208 3416 1239 3480 h.
1255 3417 1285 3498 2,
1297 3417 1349 3481 60.

291 3528 342 3591 De
358 3524 586 3591 Eratosthenis
602 3525 672 3590 loco
687 3525 873 3590 Meinekius
889 3528 937 3592 ita
951 3525 1115 3611 disputat:
1139 3526 1349 3608 „Eratosthe-

205 3639 256 3702 nis
279 3637 509 3722 fragmentum,
533 3635 561 3699 si
584 3657 699 3700 sanum
720 3645 785 3718 est,
811 3657 932 3700 novum
954 3634 1179 3700 documentum
1203 3636 1348 3721 praehet,

207 3758 328 3833 quanta
354 3746 408 3812 vel
437 3744 606 3810 meliorum
635 3743 931 3810 Alexandrinorum
959 3743 1094 3809 licentia
1115 3743 1222 3809 fuerit.
1266 3744 1348 3824 Quis

278 3983 301 4046 1)
320 3983 362 4034 cf.
385 3983 413 4036 h.
440 3984 469 4033 in
492 3983 551 4034 Ger.
574 3986 615 4036 69.
718 3984 745 4046 2)
769 3984 844 4034 Haec
865 3982 1011 4049 explicavit
1028 3983 1150 4034 Naelrins
1166 3998 1259 4048 opusc.
1276 3984 1305 4034 11
1322 4000 1347 4049 p.

210 4054 257 4102 164
269 4067 312 4116 sq.
381 4052 409 4111 3)
426 4050 618 4116 Bernhardyus
636 4067 661 4116 p.
682 4053 730 4100 142
749 4050 865 4101 conferri
882 4050 957 4100 iubet
973 4049 1040 4099 Eur.
1058 4049 1133 4114 Cycl.
1144 4051 1202 4102 244,
1230 4051 1348 4101 Nicostr.

209 4121 267 4182 (ant
286 4116 398 4181 Philet.)
416 4119 488 4184 apud
505 4118 567 4168 Ath.
587 4120 628 4169 III
646 4135 671 4182 p.
687 4119 735 4169 108
747 4116 777 4168 C.
800 4116 882 4182 Diph.
894 4117 929 4167 ib.
942 4117 980 4167 lV
991 4133 1017 4196 p.
1032 4121 1079 4169 132
1092 4119 1117 4168 D
1131 4118 1348 4183 etv1p.231A.

207 4188 334 4240 Pherecr.
353 4186 390 4236 ib.
409 4184 448 4235 v1
465 4201 491 4251 p.
508 4187 558 4236 228
570 4184 601 4235 Ε.
704 4184 731 4266 4)
751 4184 792 4239 Cf.
810 4203 836 4236 v.
856 4186 903 4235 167
915 4200 974 4250 sqq.
996 4201 1028 4244 oc
1051 4179 1085 4236 δέ
1108 4175 1136 4235 α’
1161 4178 1235 4251 άνὴρ
1256 4184 1348 4237 οἴνοιο

209 4245 466 4320 κορεσσάμενος
492 4250 542 4304 καὶ
569 4244 679 4318 ἐδωδῆς
706 4245 828 4318 ανδράσι
857 4248 1042 4318 δυσμενέεσσι
1068 4249 1243 4318 πανημέριος
1264 4254 1347 4305 πολε-

206 4321 273 4389 μίζῃ
290 4321 349 4378 uti.

1109 4401 1145 4457 8*
