3324 5074
328 303 388 364 114
774 251 778 260 ⁵
798 299 975 350 -aaroonn

325 429 507 535 iutilissimi
521 467 827 534 libelliPlutarolrei
847 463 924 548 περὶ
947 465 1174 548 παραλλήλων
1193 462 1397 548 Ἑλληνικῶν
1412 464 1468 530 καὶ

319 576 510 664 Ῥωμαϊκῶν
532 602 563 665 p.
579 578 686 642 307E
708 578 789 641 haee
810 584 940 640 exstare
962 575 1080 640 verba:
1104 571 1122 640 ὁ
1146 575 1223 658 περὶ
1244 577 1305 639 τοῦ
1321 571 1470 658 Ἰκαρίου

199 698 204 709 “
324 692 433 772 μῦθος
468 678 495 776 ᾧ
523 687 693 762 Διόνυσος
721 685 924 768 ἐπεξενώθη.
971 681 1212 768 Ἐρατοσθένης
1240 685 1279 750 ἐν
1305 689 1346 771 τῇ
1375 682 1470 768 Ἠρι-

323 798 419 884 μόνη.
465 796 632 878 „Titulum
663 794 795 862 fabulae
820 795 967 875 habes‚“
993 805 1030 861 ut
1057 796 1128 860 iure
1152 804 1260 860 monet
1283 794 1469 860 Heroherus

327 908 424 990 (Plut.
449 907 490 972 de
512 906 622 972 fluviis
645 929 677 994 p.
703 905 773 991 10),
802 928 890 988 „non
917 905 1022 991 ipsam
1044 903 1229 970 fabulam.“
1269 906 1355 970 Tota
1382 906 1467 969 enirn

325 1017 452 1103 reliqua
474 1017 570 1081 huius
594 1015 710 1102 eapitis
733 1037 809 1101 pars
832 1015 865 1080 in
889 1007 1068 1080 enarranda
1089 1015 1265 1081 Romana
1292 1012 1407 1080 fabula
1428 1015 1469 1079 de

325 1115 472 1193 Saturno
496 1135 528 1190 et
550 1125 686 1192 Entoria
715 1146 891 1211 eorumque
918 1122 994 1188 filiis
1020 1135 1179 1189 versatur.
1225 1126 1341 1211 Itaque
1362 1125 1396 1188 in
1417 1123 1468 1187 his

325 1237 426 1324 (quod
448 1236 592 1302 nondum
613 1232 813 1300 intellectum
836 1238 898 1316 est)
924 1233 1046 1298 Icarii
1068 1256 1183 1299 nomen
1207 1235 1268 1320 (ita
1282 1234 1368 1299 enim
1383 1234 1468 1319 agri-

325 1346 396 1411 cola
419 1343 603 1432 appellatur
625 1345 717 1408 ouius
739 1343 882 1430 hospitio
899 1342 1057 1410 Saturnus
1073 1344 1202 1428 utitur),
1226 1365 1290 1410 non
1305 1344 1468 1431 scriptori,

324 1455 446 1542 quippe
479 1455 536 1541 qui
571 1453 752 1520 Romanam
785 1453 930 1518 fabulam
966 1455 1174 1536 ementiatur,
1219 1453 1276 1518 sed
1312 1455 1467 1539 epitoma-

323 1676 410 1738 nime
438 1671 620 1738 andiendus
648 1671 944 1759 Wyttenbachius,
978 1674 1035 1758 qui
1061 1672 1256 1738 Entoriae
1283 1695 1400 1739 nomen
1427 1693 1468 1735 ex

320 1780 479 1866 Ἠριγόνη
506 1789 619 1845 natum
650 1803 722 1845 esse
757 1784 932 1847 contendit.
984 1783 1137 1848 Ceterum
1169 1783 1257 1869 quod
1284 1782 1468 1846 Hereherus

325 1893 506 1958 arbitratur
530 1893 572 1977 (p.
604 1891 642 1955 18
659 1892 721 1978 sq.)
750 1892 974 1956 Eratosthenis
999 1894 1344 1982 commemorationem,
1359 1913 1423 1955 non
1448 1914 1469 1955 a

324 2004 482 2090 scriptore
505 2000 562 2066 sed
590 2022 610 2063 a
631 1999 816 2066 breviatore
843 2025 915 2067 esse
937 2001 1130 2087 profectam,
1159 2023 1263 2087 paene
1292 2023 1350 2087 pro
1378 2009 1467 2066 certo

324 2111 439 2176 haheo.
485 2109 548 2176 Sed
571 2111 637 2174 iam
659 2111 738 2174 satis
762 2110 803 2174 de
824 2111 896 2174 istis
919 2113 1026 2196 nugis.
1050 2151 1090 2158 -

409 2220 559 2286 Erotiani
586 2218 694 2286 locum
723 2223 777 2306 qui
807 2231 858 2285 est
885 2244 917 2307 p.
939 2220 1019 2303 394,
1042 2222 1063 2283 4
1085 2222 1140 2285 Fr.
1166 2219 1237 2303 136,
1262 2221 1301 2285 13
1324 2219 1378 2284 Kl.
1400 2230 1469 2304 χϊαι

323 2331 388 2413 γάρ
411 2331 500 2395 εἰσιν
523 2326 738 2414 ὑποδήματος
752 2332 950 2412 γυναικείου
973 2324 1072 2412 εἶδος,
1095 2327 1186 2394 καθά
1209 2346 1315 2412 φησιν
1333 2326 1469 2411 Ἐρατο-

325 2441 448 2523 σθένης
470 2437 527 2502 καὶ
549 2442 800 2524 Καλλίστρατος
823 2441 861 2505 ἐν
883 2440 911 2513 ς’
934 2442 1128 2525 συμμίκτων
1150 2437 1314 2524 Bergkius
1336 2439 1379 2503 ad
1395 2437 1467 2503 Eri-

323 2570 442 2634 gonam
475 2550 638 2634 pertinere
666 2549 796 2636 putavit
826 2552 1013 2636 (comment.
1041 2551 1112 2614 erit.
1140 2549 1176 2614 II
1197 2571 1229 2635 p.
1252 2549 1285 2630 5)
1292 2595 1301 2630 ‚
1332 2549 1408 2633 quia
1434 2548 1469 2611 in

324 2656 486 2724 addendis
509 2658 561 2724 ed.
584 2659 703 2724 Franz.
726 2681 758 2746 p.
781 2658 844 2723 622
866 2658 946 2724 haeo
968 2657 1135 2744 leguntur:
1159 2680 1214 2744 „p
1238 2655 1344 2722 3941.
1366 2658 1467 2744 4pro

324 2769 523 2853 Σμηριγόυη
556 2768 576 2832 l.
608 2767 805 2853 'Hprydvp.‘·‘
860 2767 925 2834 Sed
951 2767 999 2832 ibi
1026 2789 1181 2833 numerus
1206 2767 1286 2849 394,
1319 2767 1353 2832 id
1381 2766 1468 2853 qnod

323 2877 474 2942 Kleinins
514 2879 698 2965 perspexit,
732 2876 868 2943 ioculari
902 2887 1008 2943 errato
1047 2876 1244 2964 typographi
1276 2885 1366 2942 ortus
1402 2885 1466 2942 est:

213 2983 216 2990 ’
323 2995 449 3076 spectat
482 2987 748 3052 adnotamentum
782 2987 825 3051 ad
856 3011 887 3074 p.
916 2988 994 3070 374,
1023 2987 1045 3051 4
1077 2987 1135 3052 ubi
1170 2983 1188 3051 ὁ
1217 2989 1398 3070 Σοφοκλῆς
1429 2985 1468 3051 ἐν

324 3097 522 3181 Σμηρινόνη
555 3096 685 3182 legitur.
739 3096 856 3183 Itaque
891 3120 957 3163 non
994 3096 1228 3180 dubitandum,
1266 3099 1345 3183 quin
1380 3105 1467 3164 reete

205 3295 207 3298 Ι
323 3204 556 3293 Bernhardyus
580 3206 730 3272 Erotiani
750 3206 859 3272 locum
882 3205 925 3271 ad
947 3205 1173 3271 Eratosthenis
1195 3204 1297 3274 libros
1321 3208 1361 3271 de
1384 3207 1466 3272 anti-

324 3339 388 3402 qua
410 3316 578 3383 comoedia
600 3316 763 3383 rettulerit
787 3315 834 3404 (p
855 3315 977 3402 206)‚2)
1001 3354 1042 3364 -

407 3425 460 3489 De
487 3435 689 3512 pentametro
719 3427 775 3514 qni
797 3427 962 3514 profertur
983 3426 1017 3489 in
1039 3426 1093 3490 Et.
1116 3447 1159 3490 m.
1185 3426 1257 3509 135,
1279 3427 1318 3491 31
1343 3425 1466 3492 dietum

324 3537 374 3598 est
395 3557 427 3619 p.
449 3534 500 3599 30.

392 3736 417 3803 1)
436 3737 477 3788 Cf.
495 3738 528 3788 de
544 3738 625 3790 huius
643 3740 830 3805 epitomatoris
849 3755 930 3804 opera
947 3739 1067 3790 Hercher
1085 3756 1111 3806 p.
1131 3715 1233 3808 mm,
1301 3741 1328 3807 2)
1348 3739 1388 3792 Oi.
1400 3741 1465 3792 Hes.

322 3821 349 3858 v.
368 3804 522 3870 βασιλίδος.
564 3807 639 3868 Quae
658 3824 717 3858 oum
739 3809 779 3858 ita
798 3808 865 3870 sint,
887 3806 1034 3859 concidunt
1056 3809 1140 3859 etiam
1163 3823 1231 3874 quoe
1249 3807 1415 3861 Schmidtins
1434 3809 1466 3860 do

322 3873 411 3924 eodem
430 3874 492 3924 loco
510 3873 687 3939 coniectavit,
705 3875 768 3926 Did.
786 3873 880 3939 fragm.
898 3891 924 3939 p.
945 3876 989 3926 56.
1030 3923 1033 3928 .
