3324 5074
333 341 373 404 78
797 345 1004 398 nracvnrvs

418 510 653 596 Bernhardyus
676 512 756 576 hacc
779 512 821 576 ad
844 511 1042 577 Mercurium
1065 523 1198 580 revocat
1221 517 1267 602 (p.
1294 515 1383 601 165):
1416 518 1473 582 ubi

332 618 373 683 de
395 622 502 685 ventis
533 620 734 708 disputatum
763 643 921 686 essenon
943 633 993 688 est
1014 645 1071 688 cur
1094 625 1327 718 existimemus
1372 626 1472 711 Equi-

331 727 405 792 dem
439 752 505 795 non
537 729 651 796 dubito
688 730 750 794 hoc
783 740 847 795 test
848 732 1004 798 imonium
1038 725 1142 819 primo
1172 712 1472 820 (lcographicorum

330 839 414 904 libro
436 841 614 906 attribuere
635 839 744 906 collat'
721 849 762 904 trs
785 840 826 905 iis
845 849 994 926 quaet
957 840 1074 906 Strabo
1097 842 1115 906 Ι
1136 865 1168 928 p
1190 843 1230 907 28
1254 845 1397 930 exponit.
1453 851 1457 856 ’

415 948 541 1013 Probus
568 949 611 1012 ad
633 950 735 1036 Verg.
758 974 791 1036 p.
813 950 866 1032 42,
891 950 929 1014 19
957 949 1033 1014 Keil
1061 972 1151 1032 quera
1180 950 1366 1038 (oceanum)
1395 959 1473 1018 recte

330 1059 479 1123 dicerunt
466 1051 650 1143 ίζιοστῆρα
672 1063 741 1122 τοῦ
755 1059 1125 1142 comnmodatior
1153 1083 1223 1126 cam
1248 1065 1296 1126 aa
1314 1059 1473 1138 Ὠκεανὸς

330 1156 359 1256 ᾦ
379 1170 471 1231 πᾶσα
493 1171 695 1252 περίρρυτος
719 1169 888 1234 ἐνδέδεται
910 1168 1015 1252 χδοίν.

413 1276 577 1361 Bergkius
600 1299 664 1342 non
679 1277 840 1364 Oyrillum
862 1277 918 1342 sed
939 1279 1189 1343 Eratosthenem
1204 1289 1332 1366 poetam
1356 1280 1470 1366 (lyre-

328 1409 470 1452 naeum
492 1386 534 1451 ab
551 1409 587 1452 eo
604 1409 699 1472 quem
714 1387 841 1454 Probus
856 1387 1046 1473 compilavit
1061 1387 1227 1452 laudatum
1242 1389 1344 1454 fuisse
1360 1391 1471 1455 existi-

328 1507 407 1562 mat.
417 1497 441 1582 ¹)
485 1496 584 1576 Quod
611 1498 639 1561 si
668 1497 740 1583 quis
771 1497 946 1584 approbet,
974 1498 1223 1562 incertissimam
1251 1500 1470 1565 coniecturam

329 1628 387 1693 pro
412 1615 500 1671 certo
522 1607 707 1672 testimonio
735 1607 953 1693 amplectitur.
998 1606 1081 1670 Nam
1102 1595 1198 1694 'apud
1221 1608 1382 1673 Achillem
1407 1610 1470 1674 Ta-

327 1717 409 1780 tium
431 1739 463 1802 p.
488 1716 548 1780 143
564 1715 654 1803 Ode
675 1714 843 1794 horizonte
865 1717 945 1780 hacc
967 1717 1190 1803 proferuntur:
1222 1717 1385 1803 περὶγὰρ
1407 1717 1470 1802 τήν

329 1835 480 1909 σφαῖραν
503 1823 639 1900 ἔξωθεν
653 1818 702 1888 civ
716 1824 811 1901 τοίξιν
825 1827 892 1908 ἔχει
907 1829 969 1889 τοῦ
988 1822 1152 1890 Ὠκεανοῦ
1173 1825 1209 1902 δς
1231 1827 1359 1904 ἐξωδεν
1373 1850 1469 1910 περι-

328 1925 440 2014 αλύζει
462 1931 524 2018 τὴν
545 1939 626 2016 γῆν·
658 1930 718 2016 ἀφ’
741 1925 786 1998 οὗ
808 1932 1003 1999 ἀνατέλλειν
1026 1933 1081 1999 καὶ
1105 1936 1152 2010 είς
1173 1932 1214 1999 δυ
1236 1936 1354 2001 δύνειν
1376 1938 1472 2002 δοκεῖ

328 2041 369 2109 τοί
396 2042 514 2128 αστρα.
560 2041 644 2108 ὅθεν
676 2043 732 2108 καὶ
760 2041 1090 2128 Νεοπτόλεμος
1076 2068 1093 2108 ο
1121 2045 1333 2128 Παριανὸς
1362 2047 1400 2110 ἐν
1427 2050 1468 2130 τῇ

326 2155 504 2238 τριχθονία
512 2155 556 2236 ²)
572 2151 656 2236 ηφσὶ
683 2157 753 2239 »τῷ
778 2157 872 2218 πᾶσα
905 2155 1106 2239 περίρρυτος
1141 2155 1311 2220 ἐνδέδεται
1338 2156 1442 2238 χθων
1447 2161 1469 2194 “
1521 2210 1523 2216 ,

297 2281 302 2293 ’
326 2264 367 2328 In
388 2264 483 2329 brevi
505 2263 735 2328 commentario
758 2264 841 2328 Arat
828 2273 879 2329 teo
910 2266 966 2351 qui
987 2263 1187 2329 Achillem
1178 2288 1213 2328 m
1241 2265 1318 2330 edit
1295 2275 1337 2330 trs
1361 2288 1467 2330 exem·

325 2371 472 2464 plariqbus
495 2373 643 2458 sequitur
664 2372 768 2436 verba
790 2359 1044 2459 Euphorioni
1065 2373 1311 2458 adscribuntur,
1334 2399 1364 2462 p.
1390 2377 1466 2441 168:

327 2482 362 2545 οί
381 2481 418 2546 δὲ
440 2481 575 2564 ποιηταὶ
599 2477 763 2545 Ὠκεανὸν
790 2479 894 2572 αὐτὸν
922 2485 1101 2550 καλοῦσιν·
1134 2480 1259 2567 ὁνοῦν
1282 2481 1468 2570 Εὐφορίων

327 2591 431 2676 φησὶν
454 2587 632 2674 ,,Ώαεανδς
646 2594 693 2678 τῷ
708 2595 799 2654 πᾶσα
814 2585 1016 2675 περίρρυτος
1034 2593 1204 2681 ἐνδέδεται
1225 2591 1357 2676 χδοίν.“
1394 2596 1466 2678 Ego

325 2723 457 2767 versum
479 2701 726 2787 aNeoptolemo
748 2701 872 2766 factum
895 2721 966 2765 esse
989 2703 1142 2784 arbitror,
1166 2703 1242 2788 quia
1256 2701 1353 2767 facile
1372 2702 1465 2768 intel-

325 2845 448 2930 legitur
479 2867 543 2931 quo
575 2846 671 2910 modo
705 2867 746 2909 ex
780 2823 924 2929 ὁπαριαίι
957 2846 1035 2910 oriri
1068 2846 1211 2932 potuerit
1244 2842 1464 2930 εὐφοριων3);

326 2963 438 3020 contra
460 2956 489 3018 si
510 2954 678 3042 Euphorio
700 2965 812 3019 auctor
833 2977 948 3020 versus
970 2956 1045 3040 fuit,
1069 2957 1155 3021 unde
1177 2956 1382 3043 Neoptolemi
1405 2957 1464 3020 Pa·

324 3064 408 3128 riani
431 3072 546 3149 poetae
567 3063 671 3128 rnulto
693 3064 798 3128 minus
821 3064 899 3136 clari
927 3067 1264 3131 commemorationem
1287 3065 1464 3151 enplicabi-

324 3174 418 3239 mus?
462 3173 601 3237 Accedit
623 3171 767 3238 scholion
790 3172 830 3237 Il.
855 3173 889 3238 Σ
905 3174 984 3238 490:
1009 3171 1064 3240 διδ
1086 3177 1188 3240 ποίαν
1210 3172 1247 3239 δὲ
1270 3175 1382 3239 αἰτίαν
1403 3173 1465 3258 μό-

324 3308 383 3360 νος
407 3281 425 3346 δ
444 3279 602 3358 Ὠκεανὸς
623 3282 769 3366 ποταμὸς
790 3280 832 3347 οὐ
854 3283 994 3366 πάρεστι
1014 3289 1054 3368 τῇ
1078 3285 1238 3370 ἐκκλησία
1263 3288 1333 3348 τῶν
1353 3288 1462 3362 braim

325 3391 445 3476 ῥητέον
474 3391 511 3454 δὲ
539 3389 590 3456 ὅτι
620 3392 699 3481 ἐπεὶΙ
721 3391 923 3458 συνεκτικὸν
951 3396 1017 3476 ἔχει
1045 3398 1106 3458 τοῦ
1129 3394 1259 3478 κόσμου
1280 3390 1318 3458 τδ
1340 3393 1461 3477 ῥεῦμα·

325 3501 409 3585 φησὶ
429 3497 503 3584 γὰρ
521 3497 703 3583 ,,Ώαεαυὸς
731 3493 758 3587 ᾦ
785 3506 877 3567 πᾶσα
904 3505 1106 3588 περίρρυτος
1134 3504 1303 3568 ἐνδέδεται
1331 3503 1463 3585 χδώυ.“

324 3611 409 3676 Nam
431 3619 508 3680 ante
525 3605 694 3692 Ὠκεανός,
718 3612 805 3696 quod
828 3614 991 3697 sagaciter
1011 3612 1243 3677 animadvertit
1265 3612 1461 3694 Meinekius,

322 3719 529 3808 Neoptolemi
544 3719 678 3784 Pariani
692 3722 800 3807 potius
816 3743 913 3807 quam
928 3721 1148 3809 Euphorionis
1170 3744 1288 3786 nomen
1310 3723 1462 3787 excidere

322 3833 447 3918 potuit..
476 3829 541 3895 Sed
562 3829 645 3893 illud
660 3840 747 3894 certe
761 3831 1012 3896 audacissimum
1028 3832 1167 3912 videtur,
1189 3834 1368 3899 mutatione
1383 3833 1462 3897 satis

328 3999 523 4008 -a-——ffl

392 4100 416 4164 1)
434 4096 560 4149 Meinekc
577 4093 650 4149 vind
670 4093 759 4148 Strab.
778 4096 855 4164 p.il
845 4096 986 4150 l.Aliter
1004 4094 1225 4150 Schneidewinus
1245 4098 1289 4150 cui
1308 4095 1460 4148 Choerili

323 4183 419 4219 nomen
436 4166 631 4218 restituendum
650 4180 711 4217 esse
729 4167 819 4217 visum
837 4135 886 4228 cst,
904 4167 966 4216 Jen.
979 4167 1032 4217 LZ
1046 4169 1148 4232 rstsp.
1162 4170 1245 4217 610.
1287 4167 1314 4229 2)
1329 4158 1460 4230 &Enipeo

323 4236 383 4287 νίδι
403 4233 438 4298 cj.
457 4233 607 4284 Meinekius
625 4233 697 4287 anal,
715 4233 826 4298 Alex.p
831 4237 913 4284 .156.
985 4236 1011 4298 3)
1030 4235 1103 4284 Alibi
1121 4237 1274 4301 quoquest
1293 4251 1309 4282 a
1328 4231 1460 4282 Strabone

324 4303 404 4354 ctab
422 4301 526 4351 Achille
544 4299 735 4364 Neoptolemus
753 4301 885 4352 Parianus
899 4308 1129 4363 commemoratur,
1148 4303 1201 4352 etsi
1213 4317 1267 4350 non
1281 4305 1391 4365 propter
1403 4315 1460 4350 car-

322 4387 382 4422 men
399 4370 476 4425 illud.
507 4368 602 4419 Strabo
621 4367 731 4432 XlIlp
750 4371 807 4420 589.
833 4369 898 4420 Ach.
918 4387 943 4436 p
963 4369 1055 4420 laea.
