3324 5074
319 353 361 418 92
789 357 992 410 annuamus

319 518 472 602 ἀξιοῦσιν
500 521 623 600 αὐτοῦς
654 523 743 590 οὕτω
771 529 959 589 καλεῖσθαι.
1010 525 1045 588 ot
1070 523 1107 590 δὲ
1136 521 1197 608 τὴν
1230 524 1263 608 ρι
1291 522 1465 610 συλλαβὴν

320 633 545 719 duodecumo,
578 633 625 698 ἵν’
654 624 675 720 ᾖ
704 631 864 717 λαρινούς
893 630 972 710 τοῦς
998 636 1253 718 μεγαλορίνονς·
1292 633 1330 698 ἐν
1358 635 1395 701 dl
1423 638 1465 720 τῇ

320 748 448 830 Χαονίμ
470 745 554 828 φασὶ
576 719 751 838 τόιούτονς
781 739 867 809 εἶναι
888 746 984 826 βοῦς,
1014 739 1073 820 οῦς
1095 742 1151 808 καὶ
1173 747 1381 829 Κεστρίνονς
1403 769 1465 809 κα-

320 859 450 919 λοῦσιν.
492 852 631 931 ’Ἄλλως
667 855 809 938 (λαρινςῦ
829 854 903 940 βοῒ)
928 853 1002 917 άντὶ
1025 856 1087 917 τοῦ
1108 854 1241 940 μεγάλῳ
1264 853 1320 918 καὶ
1343 853 1464 940 εὐτρα-

319 943 386 1046 (pat.
431 963 509 1040 τοῦς
531 964 567 1030 δὲ
588 959 848 1046 Ἠτιειρωτικούς
868 965 954 1045 βοῦς
981 960 1069 1028 οὕτω
1099 963 1257 1046 λέγουσιν
1279 962 1346 1028 άτιό
1372 988 1464 1042 τινος

320 1076 473 1155 Λαρίνον
494 1073 679 1156 βουκόλον,
703 1071 957 1155 παραλαβόντος
979 1070 1069 1154 παρά
1088 1070 1293 1155 Ἡρακλέους
1315 1073 1373 1152 τάς
1394 1079 1463 1160 Γη-

319 1183 448 1266 ρυόνου
474 1186 558 1266 βοῦς
590 1181 646 1248 καλ
673 1183 865 1268 θρέψαντος
896 1184 942 1258 εἰς
974 1179 1116 1261 εὐεξίαν.
1167 1185 1330 1250 Videntur
1361 1187 1463 1270 igitur
1544 1255 1545 1259 ,

317 1296 415 1358 etiam
442 1295 483 1378 ii,
512 1295 567 1380 qui
589 1293 691 1357 boves
714 1293 845 1356 larinos'
861 1317 927 1358 non
956 1290 1003 1358 ad
1020 1294 1174 1358 Larinam
1204 1295 1312 1360 vicum
1339 1295 1397 1360 sed
1419 1295 1462 1359 ad

317 1403 472 1467 Larinum
495 1404 728 1467 armentarium
750 1402 950 1485 referebant,
980 1405 1020 1468 de
1047 1402 1224 1489 Epiroticis
1253 1413 1379 1468 tantum
1401 1406 1460 1469 bu-

317 1514 378 1576 bus
401 1513 566 1599 epitheton
588 1512 670 1577 illud
685 1511 896 1576 intellexisse.
935 1489 1168 1578 Eratosthenes
1184 1524 1292 1578 autem
1315 1517 1370 1601 qui
1385 1536 1460 1580 sues

317 1617 477 1704 λαρινοῦς
497 1621 675 1707 appellavit
697 1621 881 1706 generalem
904 1623 1174 1706 significationem
1203 1626 1277 1690 voci
1306 1624 1460 1689 tribuisse

316 1733 480 1817 putandus
504 1741 553 1795 est
574 1731 724 1816 idemque
752 1731 792 1795 de
820 1753 857 1794 ea
879 1731 1076 1798 iudicavisse
1101 1735 1185 1820 quod
1207 1743 1321 1818 postea
1343 1736 1372 1798 A
1380 1735 1458 1819 pol-

317 1840 505 1923 lodorus,
535 1844 589 1927 qui
620 1838 779 1923 λαρινοὺς
806 1841 889 1922 βοῦς
916 1839 995 1917 τούς
1021 1840 1200 1927 εὐτραφεῖς
1226 1844 1459 1930 interpretatus

316 1960 376 2015 est.
387 1951 413 2036 ¹)
450 1950 625 2016 Praeterea
648 1949 763 2033 elucet,
785 1963 1010 2035 argumentum
1033 1953 1076 2015 ab
1092 1952 1290 2038 Apollodoro
1313 1953 1457 2035 allatum,

316 2083 380 2146 quo
404 2081 518 2124 sensus
545 2061 702 2130 adiectivi
730 2081 773 2123 ex
799 2083 860 2124 usu
882 2061 976 2124 verbi
999 2061 1191 2144 λαρινεύειν
1217 2063 1457 2148 comprobatur,

316 2171 357 2234 ab
379 2171 550 2235 Athenaeo
573 2171 620 2234 ita
641 2191 832 2255 perversum
855 2191 936 2251 esse,
958 2180 995 2234 ut
1017 2172 1153 2236 verbum
1175 2172 1340 2237 adiectivo
1362 2174 1457 2258 origi·

314 2302 389 2344 nem
412 2281 542 2343 dedisse
565 2279 702 2343 dicatur.
735 2279 926 2365 Apollodori
948 2289 980 2344 et
994 2281 1076 2367 Lyci
1092 2281 1326 2368 explicationes
1349 2285 1458 2368 inepte

314 2389 559 2454 confunduntur
591 2389 625 2451 in
658 2389 757 2453 schol.
791 2391 893 2454 Arist.
923 2392 985 2454 Av.
1016 2392 1080 2455 465
1114 2388 1255 2474 λαρινὸν
1288 2388 1363 2456 ἀντὶ
1395 2395 1457 2456 τοῦ

316 2499 477 2580 λιπαρόν,
505 2498 543 2562 ἐκ
565 2501 759 2580 μεταφοράς
779 2503 848 2563 τῶν
876 2502 977 2582 βοάν.
1023 2501 1178 2584 λέγονται
1199 2499 1263 2583 γάρ
1286 2524 1375 2577 τινες
1396 2504 1457 2566 λα-

267 2627 291 2700 ’·
316 2604 405 2686 ρινοὶ
432 2607 577 2690 βόες,ο
580 2603 805 2688 ίλιτιαροὶ
783 2631 803 2690 η
831 2610 988 2692 μεγάλοι,
1023 2606 1101 2674 eiad
1130 2615 1315 2692 Λαρινοῦ
1343 2633 1457 2687 τινος

314 2720 476 2800 βοσκοῦ
498 2712 761 2800 εὐμεγέθους.
810 2717 968 2801 νέμονται
998 2718 1035 2782 δὲ
1062 2715 1124 2803 τὴν
1142 2717 1325 2804 ”,Ηπειρον
1355 2712 1455 2785 οὖσαι
1520 2723 1526 2736 ’

314 2830 383 2890 τῶν
405 2821 580 2910 Γηρυόνος
600 2828 693 2908 βοῦν
716 2823 926 2911 άτόγονοι.ἳ)
972 2827 1132 2908 Quartam
1161 2829 1299 2916 denique
1327 2823 1455 2896 deriua-

313 2936 433 2999 tionem
456 2938 490 2999 in
513 2935 576 2999 alio
599 2934 722 2999 scholio
745 2935 788 2999 ad
811 2938 948 3000 eundem
964 2937 1068 3003 locum
1085 2939 1238 3003 traditam
1253 2941 1453 3005 invenimus:

314 3039 358 3118 ὠς
381 3041 436 3107 ἐπὶ
457 3041 536 3125 βοός
551 3044 587 3108 δὲ
607 3044 706 3108 τοῦτό
729 3061 845 3128 φησιν,
869 3042 913 3122 ῦς
929 3047 967 3112 ἐν
983 3051 1166 3132 Λαρίσσῃ
1188 3035 1347 3131 μεγάλων
1362 3052 1454 3132 βοῦν

313 3152 515 3237 γενομένων.
561 3155 629 3216 ἔστι
660 3153 695 3216 δὲ
725 3156 822 3231 πόλις
852 3159 1078 3238 Θεσπρωτίας.
1125 3158 1191 3224 Sed
1220 3181 1293 3222 cum
1322 3161 1362 3222 de
1391 3160 1455 3223 La-'

312 3263 395 3328 rissa
410 3263 624 3349 Thesprotiae
646 3263 765 3350 oppido
787 3264 869 3329 nihil
884 3268 1058 3330 memoriae
1078 3269 1242 3353 proditum
1265 3270 1318 3352 sit,
1341 3291 1453 3333 veren-

312 3373 389 3436 dum
412 3382 522 3437 estne
545 3373 625 3437 haec
647 3375 809 3438 sententia
830 3384 901 3438 orta
923 3376 966 3440 sit
988 3399 1077 3440 mera
1101 3377 1228 3442 librarii
1248 3377 1453 3464 neglegentia

313 3482 479 3565 (Larissae
493 3485 623 3547 nomine
637 3506 697 3569 pro
712 3484 835 3548 Larina
848 3486 968 3570 posito)
990 3496 1046 3551 aut
1061 3489 1295 3583 vanoinvento
1316 3478 1450 3552 nitatur.

380 3703 494 3766 1)Hes.
515 3701 653 3788 λαρινοὶ·
679 3701 769 3770 βόες·
801 3701 962 3771 εὐτραφεῖς,
1000 3701 1265 3776 λαρινενεσθαι·
1294 3711 1450 3762 σιτεῖσθαι.

310 3771 390 3825 Phot.
409 3769 560 3834 λαρινοί·
580 3763 621 3821 οι
625 3771 734 3835 πίονες,
753 3775 881 3854 σιτιστοί,
901 3776 1024 3838 λιπαροί.
1060 3777 1157 3826 Suidas
1176 3769 1392 3858 λαρινεόειν·
1417 3773 1449 3830 τό

311 3830 444 3889 σιτεόειν.
474 3840 517 3886 Et.
530 3855 563 3886 m.
578 3841 635 3900 557,
650 3811 734 3890 totu
738 3857 840 3892 τουτον
853 3841 998 3906 (vocabulo
1012 3836 1106 3909 λάρος)
1119 3859 1150 3894 το
1169 3835 1357 3908 λαρινός·
1327 3838 1451 3924 ιγπαρά

310 3902 342 3956 τὸ
361 3899 427 3956 λα’
415 3899 580 3956 επιτατικὸν
603 3875 652 3958 adl
671 3907 722 3958 τοῦ
739 3901 827 3970 ρινός
866 3913 943 3960 Eust.
961 3912 995 3960 ad
1012 3912 1044 3965 ΙΙ
1062 3929 1087 3976 p
1108 3915 1181 3975 1243,
1203 3903 1369 3964 11ιιαλότι
1392 3904 1449 3963 dud

310 3989 360 4023 τον
380 3967 461 4036 devoir
479 3970 529 4023 καὶ
547 3967 612 4038 βόες
631 3975 745 4037 λαρινοί
764 3973 812 4025 καὶ
832 3973 932 4041 ταῦροι
950 3973 980 4028 ol
996 3974 1069 4059 μέγα
1089 3976 1138 4030 aul
1157 3997 1236 4046 τιαγν
1260 3975 1351 4044 δερμα
1370 3976 1450 4046 ἔχον-

310 4057 364 4098 τες.
433 4038 472 4116 2)
479 4041 616 4121 Ineptiora
635 4044 715 4092 etium
733 4043 848 4093 'saetaes
865 4044 1009 4096 blaterat
1001 4063 1031 4095 rn
1049 4046 1137 4096 Cram.
1162 4064 1204 4097 an.
1224 4048 1274 4098 Ox.
1292 4050 1333 4098 111
1356 4065 1380 4112 p.
1401 4051 1450 4099 362

310 4099 427 4184 λαρινὸν
447 4098 477 4157 τὸ
500 4107 592 4185 μέγα
597 4099 653 4160 dno*
672 4109 798 4188 Λαρίνον
817 4103 895 4169 τινός
919 4107 1107 4178 εὐμεγέθους·
1132 4111 1185 4166 εἰσὶ
1206 4110 1239 4166 ds
1262 4116 1312 4166 aul
1329 4113 1450 4180 stupeant

309 4166 375 4239 βόες
396 4167 516 4240 μεγάλοι
541 4167 597 4226 άπὸ
621 4169 710 4228 τόπον
732 4169 810 4236 τινός
834 4183 862 4228 et
884 4178 953 4229 Chil.
976 4181 1041 4230 VIII
1062 4185 1182 4247 270sqq.
1218 4183 1258 4232 Ex
1281 4183 1372 4235 anecd.
1375 4133 1448 4233 ρΟα.

309 4243 370 4292 Ιοοο
390 4245 574 4326 cognoscitur,
597 4244 625 4293 in
643 4243 711 4294 chit.
733 4262 788 4296 non
809 4252 882 4296 recte
903 4263 920 4296 a
942 4248 1109 4312 Kiesslingio
1134 4253 1206 4300 vs.4
1190 4247 1288 4312 4(ιιαὶ
1310 4240 1376 4313 βόες
1385 4245 1448 4326 με’-

309 4307 403 4374 γιστοί
424 4325 499 4368 τινες
522 4304 552 4360 οι
569 4306 712 4388 λαρινοὶ’
699 4329 730 4363 εκ
750 4305 850 4376 τόπον)
873 4331 921 4378 pro
939 4316 1042 4366 codicis
1061 4317 1195 4381 scriptura
1214 4321 1341 4381 quaeest
1359 4308 1448 4368 τόπον

309 4382 445 4444 receptum
462 4393 521 4428 esse
538 4371 640 4430 τοῦτον
658 4381 730 4444 quod
749 4397 840 4447 margo
859 4382 961 4434 codicis
979 4383 1100 4448 praebet.
