3354 5076
680 259 891 314 nsnovmvs
930 221 933 230 ’
1319 260 1361 326 63

216 429 399 495 sterilem
423 429 476 494 vel
498 430 695 496 incultam
718 430 880 516 significet
902 430 1126 516 reperiatur¹)‚
1149 428 1230 494 nihil
1252 429 1363 496 obstat

216 563 279 627 quo
301 542 410 604 minus
432 542 531 605 etiam
551 550 704 624 χερσαῖος
718 542 780 604 hoc
795 562 892 604 sensu
907 537 973 604 dici
988 540 1133 625 potuisse
1148 541 1359 605 arbitremur:

215 650 262 713 ita
284 651 365 714 nihil
389 649 458 714 sere
483 652 568 715 inter
590 673 624 716 se
647 651 802 716 differunt
824 653 945 735 ἔρημος
968 657 1000 713 et
1019 647 1189 735 ἐρήμαίος,
1214 650 1361 735 ἐρυθρός

216 768 249 822 et
276 759 504 846 tpvtpctocst)
555 761 659 847 Saepe
690 770 805 847 poetae
832 758 1052 824 Alexandrini
1083 757 1154 824 loca
1182 756 1272 824 vocis
1301 761 1359 824 ali-

216 871 307 934 cuius
341 879 478 935 utuntur
510 870 575 934 alia
607 893 690 936 voce
721 871 819 934 simili
852 892 890 936 ac
917 870 1115 956 propinqua,
1150 868 1208 934 ubi
1235 871 1359 957 priores

216 989 373 1066 quantum
395 982 596 1045 nesscimus
620 980 838 1044 differentiam
861 980 1064 1064 significatus
1087 978 1273 1044 observant.
1308 967 1360 1043 Ita

215 1090 462 1155 confunduntur
490 1086 599 1171 ἔλεγοι
634 1099 666 1156 et
695 1089 840 1173 ἐλεγείας
876 1094 923 1155 ita
951 1087 1171 1154 Callimachus
1194 1084 1359 1160 τοῦνεκεν

180 1241 182 1248 -
215 1201 325 1286 posuit
346 1200 403 1265 ubi
426 1196 550 1264 οὕνεκα
572 1223 693 1286 ponere
708 1199 838 1266 debuit:
863 1200 909 1265 ita
926 1199 1116 1263 Alexandro
1127 1199 1249 1274 ¹Aetolo
1271 1211 1359 1266 recte

213 1310 397 1376 ,vindicavit
418 1310 596 1376 Passovins
619 1315 742 1394 θήλεῖν
770 1311 943 1376 transitive
972 1320 1165 1395 usurpatum
1188 1331 1247 1394 pro
1270 1309 1356 1374 aaa·

216 1422 301 1484 λειν;
332 1421 379 1484 ita
401 1421 568 1484 Nicander
595 1421 721 1505 γλήνεα
744 1423 791 1486 sic
820 1420 901 1484 dicit
929 1429 964 1483 ut
992 1414 1115 1505 priores
1144 1420 1284 1503 γλήναςε
1311 1422 1358 1486 ita

218 1531 287 1616 ipse
311 1531 543 1596 Eratosthenes
569 1528 697 1613 γάσιοή
726 1531 875 1596 voculam
904 1553 962 1616 pro
989 1529 1117 1613 γαστήρ
1146 1530 1282 1594 adhibet
1310 1537 1355 1614 (v.

215 1665 243 1727 p.
267 1637 339 1724 89);
361 1642 537 1727 multisque
558 1641 631 1711 aliis
654 1642 812 1727 exemplis
835 1641 914 1705 haec
937 1641 1048 1725 augeri
1071 1641 1250 1724 possunt.³)
1282 1669 1285 1672 ·

303 1753 351 1815 12.
389 1747 565 1834 ἀλλήλαισι
586 1751 661 1815 Vat.
684 1752 783 1816 Lanr.
818 1749 1021 1834 ἀλλήλῃσι
1044 1771 1104 1812 em.
1129 1750 1284 1835 Scaliger.

301 1864 348 1927 13.
384 1860 599 1946 κρυστάλλου
614 1860 712 1930 Laur.
728 1861 833 1924 Deest
848 1862 928 1924 haec
943 1882 1009 1924 vox
1024 1861 1059 1923 in
1075 1857 1151 1924 Vat.
1186 1861 1355 1926 Decanti·

214 1973 322 2035 nnatis
347 1981 499 2058 quattuor
521 1971 719 2036 hexametris
742 1971 929 2058 spondiacis
946 1993 977 2034 v.
993 1969 1154 2036 Ludwich
1171 1971 1211 2034 de
1226 1972 1354 2036 hexam.

213 2090 299 2166 poet.
324 2080 383 2144 Gr.
396 2077 521 2166 'spond
545 2104 576 2167 p.
599 2081 651 2144 22.
697 2081 731 2146 Si
754 2083 970 2166 κρυστάλλου
996 2103 1056 2165 pro
1079 2080 1203 2144 librarii
1227 2080 1355 2144 addita·

214 2199 321 2255 mento
344 2189 457 2274 habes,
480 2201 574 2276 potes
596 2191 694 2255 etiam
716 2201 872 2274 παγετοῖο
895 2192 1055 2261 conicere.

300 2302 348 2366 14.
379 2299 739 2385 εὔκρητοίναλὼααι,
770 2299 1006 2387 ἐυίιοήιοίοιο.
1027 2299 1183 2384 Scaliger.
1215 2297 1355 2385 (εὔκρα-

212 2434 268 2486 τος
290 2410 330 2474 de
351 2413 541 2496 temperatis
559 2412 650 2474 nonis
673 2411 792 2482 dictum
809 2420 923 2498 postea
944 2411 979 2474 in
1002 2432 1203 2474 communem
1219 2412 1355 2496 scripto-

213 2544 283 2585 rum
311 2543 405 2585 usum
428 2521 551 2586 abiisse
580 2529 691 2586 notum
714 2523 789 2604 est.)
811 2561 853 2570 -
878 2517 1111 2604 αὐδήσκουσαι
1144 2520 1219 2584 Vat.
1256 2521 1354 2584 Lanr.

212 2629 493 2714 ἀλδήσαουσαι
516 2653 577 2694 em.
601 2631 751 2695 Vrsinus.
789 2628 1010 2696 ἀλδίσιιουσαι
1034 2632 1191 2714 Scaliger.-

301 2741 350 2804 15.
390 2743 578 2825 ἐλευσινίής
604 2741 703 2806 Laur.
742 2741 918 2824 ε’λενσίνής
951 2738 1027 2803 Vat.
1061 2736 1263 2815 Ἐλευσίνοις
1295 2763 1353 2827 pro

211 2850 423 2926 Ἐλευσινίοις
449 2854 605 2938 scriptum
632 2861 682 2914 est
707 2851 741 2914 in
772 2873 868 2915 versu
891 2849 1081 2937 Epicharmi
1108 2849 1178 2924 τοῖς
1205 2851 1353 2914 Ἐλευσι-
1411 2915 1413 2920 s

212 2964 297 3036 νίοις
319 2960 506 3044 φυλάσσων
529 2962 709 3045 δαιμονίως
731 2958 888 3028 ἀπώλεσα
910 2961 998 3047 apud
1020 2959 1099 3025 Ath.
1123 2959 1175 3022 IX
1197 2983 1229 3046 p.
1246 2957 1353 3026 374E

212 3082 244 3136 et
266 3073 300 3134 in
323 3070 434 3158 Etym.
457 3073 568 3156 magni
592 3074 637 3157 (p.
661 3073 731 3144 255,
756 3073 790 3158 3)
820 3071 947 3137 duobus
969 3070 1065 3135 codd.
1090 3072 1266 3154 Parisinis3
1295 3072 1353 3136 sed

212 3182 322 3268 Etym.
340 3180 434 3275 codd.
457 3180 525 3245 ΒΜ
545 3191 578 3246 et
598 3182 743 3247 Zonaras
767 3182 846 3268 (lex.
862 3183 879 3246 I
901 3206 933 3268 p.
948 3182 1012 3245 480
1027 3181 1078 3245 ed.
1095 3181 1225 3263 Tittm.)
1244 3179 1351 3245 Ἐλευ·

212 3295 336 3382 σινίοις·
354 3292 521 3377 praebent.
568 3289 756 3368 Ἐλεύσινος
782 3294 883 3377 igitur
910 3314 969 3377 pro
993 3288 1196 3365 Ἐλευσίνιος
1217 3313 1351 3376 usurpa-

151 3409 153 3412 ’
210 3412 279 3466 tum
306 3403 404 3466 certis
433 3400 590 3487 exemplis
620 3403 759 3486 caret⁴):
794 3423 892 3488 quare
919 3423 985 3466 non
1017 3382 1131 3464 dubito
1158 3400 1237 3487 quin
1265 3401 1351 3465 Lau·

211 3511 350 3575 rentiani
384 3511 546 3596 scriptura
586 3533 663 3576 vera
701 3514 753 3578 sit.
806 3509 995 3587 Ἐλευσῖνος
1032 3513 1074 3598 ej.
1109 3511 1351 3598 Bernhardyus‚

189 3603 199 3622 ’
210 3623 311 3707 „quia
330 3619 534 3704 Ἐλευσινίης
556 3623 699 3708 synizesi
721 3620 870 3686 adhibita
892 3630 961 3685 tum
976 3621 1108 3686 demum
1124 3630 1210 3684 stare
1230 3623 1352 3707 posset,
1435 3644 1440 3654 ·

211 3732 238 3794 si
269 3731 384 3816 poetae
414 3753 479 3794 non
512 3731 577 3795 alia
613 3733 799 3797 terminatio
833 3733 1074 3818 suppetiisset.“
1129 3732 1242 3817 Neque
1273 3752 1350 3796 vero

280 3963 304 4023 1)
326 3962 474 4024 Aeschylus
497 3964 526 4013 in
550 3963 634 4012 Rekh.
657 3980 700 4014 an.
725 3980 749 4027 p.
770 3966 826 4014 116.
861 3964 1015 4015 Herodotus
1039 3961 1077 4013 IV
1102 3965 1157 4013 123.
1188 3964 1269 4016 Dion.
1288 3963 1350 4016 Hal.

209 4032 273 4081 Ant.
290 4031 366 4080 Rom.
384 4030 424 4081 IX
436 4033 477 4081 ol.
506 4031 674 4085 Dioscor.11
694 4033 749 4082 167.
781 4033 845 4082 Hes.
864 4049 889 4081 v.
909 4028 1014 4096 χέρσος.
1083 4031 1111 4094 *2)
1130 4029 1171 4084 Cf.
1189 4031 1299 4082 Lobeck
1317 4032 1350 4081 ad

210 4099 310 4164 Phryn.
329 4114 354 4162 p.
372 4101 421 4148 362
435 4114 473 4162 sq.
543 4100 570 4160 3)
589 4099 621 4148 V.
642 4097 787 4149 Schneider
810 4100 844 4150 ad
863 4099 932 4149 Call.
950 4098 976 4146 h.
995 4100 1024 4148 in
1046 4099 1140 4148 Iovem
1158 4101 1199 4149 30.
1228 4099 1351 4150 Meineke

209 4167 243 4216 ad
263 4165 329 4216 Call.
347 4166 373 4216 h.
394 4168 422 4215 in
440 4167 529 4215 lovem
549 4169 588 4216 72.
608 4166 678 4217 anal.
697 4165 775 4215 Alex.
795 4183 820 4232 p.
840 4169 881 4217 35.
934 4169 961 4228 4)
979 4167 1020 4216 De
1032 4165 1141 4236 Graecis
1159 4166 1186 4216 lo
1207 4182 1268 4217 uor:
1288 4184 1350 4216 nam

209 4233 346 4298 Vergilius
364 4233 476 4298 (memor
488 4235 604 4284 fortasse
616 4235 731 4284 nominis
744 4237 849 4298 proprii
861 4235 931 4299 qnod
943 4240 986 4283 est
1001 4227 1172 4302 Ἐλευσῖνος)
1215 4233 1349 4286 leoninam

208 4304 323 4353 matrem
341 4302 429 4352 dicere
448 4318 502 4352 non
520 4301 654 4352 dubitavit
672 4301 779 4369 (Genrg.
799 4304 812 4351 1
831 4301 899 4369 163).
