3324 5074
681 273 843 325 ElthONA
985 274 988 284 '

496 439 534 504 ἐκ
556 437 588 504 δ’
612 437 748 524 ἀνδρῶν
770 439 868 505 πάντ’
896 441 1024 519 ἐτίναξε
1049 443 1131 505 νόον

277 545 368 626 οἶνος
390 546 618 634 apamenus,
643 546 735 625 οἶνος
756 549 947 633 μεθύουσιν
969 548 1124 632 ditatos,

319 653 411 735 οἶνος
432 659 637 743 ψυχαιιοίτης.

192 787 248 860 At
266 795 399 858 minime
431 794 538 880 placet
570 795 650 860 haec
685 796 862 880 scriptura:
896 796 1005 861 verbis
1035 797 1121 860 enim
1149 795 1186 860 ἐκ
1213 793 1245 860 δ’
1273 794 1335 862 α’ν-

192 905 285 987 ὃροῐν
307 901 406 968 πάντ’
432 903 561 982 ἐτίναξε
582 904 677 984 νόον,
704 926 786 992 quae
808 927 927 990 magna
949 926 1022 970 eum
1043 906 1207 990 gravitate
1228 907 1334 991 perni-

193 1016 315 1079 ciosam
336 1015 418 1078 meri
441 1015 508 1078 vim
531 1015 624 1100 quasi
646 1013 923 1100 comprehendunt
950 1025 1145 1101 propterque
1172 1013 1207 1079 id
1230 1016 1336 1102 ipsum

193 1133 295 1189 totam
323 1124 516 1189 sententiam
543 1133 619 1211 apte
647 1124 841 1212 absolvunt,
869 1122 1098 1189 molestissime
1126 1134 1176 1188 ter
1203 1122 1337 1190 additur

194 1229 300 1316 οἶνος,
329 1234 510 1298 subiectum
538 1236 680 1298 omniurn
710 1255 793 1318 quae
813 1233 1021 1319 'praecedunt
1043 1235 1217 1299 verborum
1242 1234 1335 1317 (ἔχει,

194 1345 290 1428 ἔλθῃ,
314 1345 475 1425 κυμαίνει,
499 1344 639 1427 φαίνει).
662 1343 804 1426 'Itaque
822 1365 882 1426 ego
904 1364 978 1407 cunr
1000 1341 1176 1428 Sylburgio
1199 1343 1335 1408 duorum

194 1460 362 1538 poetarum
378 1453 554 1517 sententias
569 1452 653 1516 falso
668 1451 857 1516 coniunctas
873 1473 943 1515 esse
958 1462 1076 1532 statuo,
1100 1451 1197 1539 culpa
1212 1451 1336 1517 librarii

194 1564 265 1626 sive
286 1563 355 1626 eius
384 1563 439 1647 qui
462 1562 638 1626 Clementis
667 1559 802 1642 librum,
833 1563 903 1626 sive
932 1562 1001 1625 eius
1024 1561 1080 1647 qui
1103 1564 1336 1626 sententiarum

193 1670 415 1737 collectionem
445 1670 487 1736 ab
514 1670 569 1735 illo
601 1671 782 1735 adhibitam
817 1670 1002 1757 descripsit.
1051 1669 1105 1732 Ex
1134 1681 1336 1757 pentametro

194 1780 420 1846 Eratosthenis
442 1780 544 1846 altero
561 1777 669 1845 πάνια
685 1778 803 1846 vocula
821 1768 952 1844 servata
974 1790 1034 1845 est.
1071 1780 1154 1843 Cum
1169 1781 1338 1866 complura

194 1890 355 1955 voeabula
388 1890 678 1956 excidissc'etiam
707 1888 871 1973 Bergkius
900 1898 1046 1973 censeat,
1082 1889 1159 1954 licet
1191 1889 1336 1974 profecto

152 2041 154 2046 -
194 2010 354 2082 statuere,
382 2010 512 2085 praeter
539 2023 578 2064 ea
605 2000 707 2064 verba
735 1998 852 2084 quibus
881 2019 996 2064 versus
1026 2007 1215 2064 constarent
1242 1997 1337 2063 simul

195 2109 251 2174 nul
274 2109 377 2174 πάλιν
399 2107 452 2174 vel
474 2109 597 2200 similia
617 2130 687 2172 esse
708 2107 839 2173 omissa.
877 2108 1028 2172 Osannus
1051 2107 1183 2193 quidem
1222 2109 1336 2193 (pli)

195 2227 361 2305 postrema
389 2218 534 2282 ciusdem
562 2218 703 2282 auctoris
731 2238 803 2281 esse
832 2217 923 2281 cuius
951 2217 1054 2281 verba
1082 2226 1157 2280 ante
1186 2216 1336 2281 Clemens

196 2328 311 2392 recitet
340 2326 416 2391 inde
445 2327 620 2392 manifesto
649 2326 780 2413 probari
803 2337 912 2413 putat,
944 2326 1031 2412 quod
1060 2325 1209 2390 Clemens
1237 2325 1339 2391 addat

197 2433 314 2501 καὶτὰ
337 2434 420 2519 ἑξῆς.
464 2436 550 2500 Num
579 2457 656 2500 vero
684 2435 764 2500 haec
785 2435 864 2500 addi
890 2458 965 2500 non
995 2447 1186 2522 potuerunt,
1216 2438 1243 2501 si
1267 2436 1337 2502 Cle·

197 2555 287 2610 mens
309 2555 383 2633 post
411 2545 663 2613 Eratosthenica
690 2545 816 2609 initium
847 2545 908 2610 loci
936 2545 978 2612 ab
1007 2547 1071 2610 alio
1100 2557 1196 2631 poeta
1224 2546 1337 2631 scripti
1402 2552 1403 2555 ’

196 2657 334 2721 citavit?
371 2654 513 2722 Addidit
527 2641 635 2720 autem
658 2654 714 2718 illa
737 2653 792 2718 καὶ
814 2652 855 2718 τὰ
871 2654 944 2738 ἑξῆς
958 2664 1131 2740 propterea
1146 2656 1223 2739 quia
1238 2654 1337 2718 hexa-

196 2775 333 2830 metrum
356 2786 421 2829 non
444 2766 657 2828 continuavit.

281 2874 404 2937 Versus
428 2873 591 2956 Erigonae
613 2873 800 2956 adsignavit
822 2882 897 2959 post
918 2871 1121 2936 Brunckium
1151 2871 1248 2956 (anal.
1272 2883 1337 2937 vet.

197 2992 284 3069 poet.
308 2980 365 3046 Gr.
391 2981 459 3065 Ip.
476 2981 553 3064 477)
577 2980 819 3066 Bernhardyus,
844 2981 896 3046 vel
918 2981 1012 3045 initio
1034 2981 1086 3045 vel
1109 2983 1174 3046 fine
1197 3005 1250 3048 eos
1274 2981 1337 3048 eol-

197 3091 318 3156 locatos
340 3089 444 3154 fuisse
468 3088 618 3153 iudicans
646 3090 691 3176 (p.
719 3091 803 3174 114).
853 3089 1005 3155 Osannus
1033 3092 1172 3155 coniecit
1198 3093 1278 3158 haec
1305 3095 1337 3155 in

197 3202 350 3266 convivio
366 3197 422 3265 illo
438 3198 527 3263 dicta
542 3220 612 3263 esse
628 3198 683 3263 ubi
700 3199 865 3264 Bacchum
880 3199 1004 3264 Icarius
1021 3201 1202 3287 exceperit:
1219 3203 1339 3287 quippe

198 3311 316 3397 quibus
332 3308 481 3373 Bacchus
503 3308 573 3392 ipse
594 3317 743 3372 naturam
765 3319 798 3373 et
820 3309 961 3375 indolem
977 3311 1119 3374 muneris
1136 3311 1186 3373 sui
1209 3309 1337 3395 praedi-

198 3429 286 3484 caret
310 3425 355 3506 (p.
374 3419 439 3502 16).
476 3418 628 3503 Denique
650 3416 815 3502 Bergkius
839 3419 974 3500 censuit,
998 3419 1105 3505 ipsum
1126 3428 1256 3504 poetam
1270 3420 1338 3482 vim

126 3543 129 3552 ’
198 3530 267 3593 vini
290 3528 486 3609 describere,
511 3537 682 3614 postquam
704 3529 887 3592 narraverit
909 3536 1066 3614 quantum
1082 3527 1209 3591 lacinus
1232 3538 1338 3614 pasto·

198 3659 250 3701 res
271 3639 394 3703 Bacchi
416 3657 550 3701 munere
573 3637 673 3700 saucii
696 3637 960 3721 commiserint.¹)

165 4051 171 4062 ι
285 3975 335 4040 Ne
356 3975 435 4062 quid
457 3976 712 4063 praetermittam
735 3973 822 4063 quod
843 3973 952 4066 aliquo
974 3975 1069 4044 modo
1093 3976 1135 4042 ad
1151 3975 1339 4044 Eratosthe·

199 4089 250 4151 nis
282 4087 461 4171 Erigonam
489 4096 636 4172 spectare
668 4086 835 4170 videatur,
872 4109 1103 4170 commemoro,
1138 4089 1172 4151 in
1200 4087 1340 4172 epitoma

271 4291 294 4355 l)
314 4290 354 4345 Cf.
372 4290 461 4355 Apoll.
482 4292 543 4356 Arg.
562 4292 601 4343 IV
618 4293 668 4342 445
680 4307 738 4357 sqq.

251 4381 413 4423 Eratosthenes.
1118 4381 1134 4426 8
