3324 5074
494 395 672 487 uersuum
690 435 739 484 nu
760 434 1014 486 Pronnusavu
1267 433 1326 498 123

186 625 249 666 non
272 625 381 689 posse:
412 612 605 688 pervenerat
631 602 666 666 in
693 623 807 665 manus
836 600 905 665 eius
933 609 1090 664 tractatus
1120 599 1326 667 futilissimus

185 733 223 776 ac
245 711 488 794 vitiosissimus,
512 712 603 776 cuius
620 711 737 775 menda
751 711 823 774 sive
838 709 1043 795 neglegentia
1057 718 1128 774 orta
1143 719 1235 775 erant
1257 711 1327 776 sive

182 820 310 885 fraude.
350 821 458 886 Variis
481 821 662 887 rationibus
686 817 726 883 de
748 818 809 884 hac
831 841 866 882 re
889 818 1141 904 disputaverunt
1156 818 1326 884 Reimerus

182 927 274 1016 (hist.
298 929 403 1017 probl.
426 929 466 996 de
489 931 565 994 cubi
588 930 677 1016 dupl.
701 953 733 1015 p.
755 927 828 1013 54),
851 927 1000 993 Idelerus
1025 933 1209 1011 (comment.
1232 928 1325 994 acad.

184 1040 288 1105 Berol.
313 1039 394 1106 1828
417 1063 449 1126 p.
471 1040 564 1123 210),
592 1029 883 1103 Bretschneiderus
913 1035 981 1123 (die
1004 1035 1191 1103 Geometrie
1219 1061 1249 1102 u.
1273 1035 1328 1102 die

185 1147 359 1212 Geometer
385 1170 445 1214 vor
474 1147 573 1213 Eukl.
602 1171 633 1235 p.
662 1147 721 1212 166
737 1146 819 1232 sq.):
849 1168 928 1232 quas
956 1146 1157 1233 perpendere
1184 1169 1249 1213 non
1278 1155 1327 1212 est

184 1258 277 1322 huius
301 1257 379 1342 loei3
408 1258 482 1324 ideo
510 1267 636 1323 tantum
663 1257 744 1322 haec
769 1255 874 1322 obiter
902 1257 1152 1321 commemoravi
1180 1247 1326 1322 utnulla

183 1367 278 1432 modo
300 1367 486 1432 mirandum
508 1389 581 1432 esse
602 1367 831 1447 demonstrem,
856 1366 934 1429 siin
950 1366 1080 1432 Eutocii
1095 1366 1327 1431 commentario

184 1476 250 1542 vile
272 1475 399 1541 falsarii
422 1475 614 1564 opusculum
630 1475 839 1556 Eratostheni
861 1474 1064 1562 adscriptum
1079 1496 1151 1540 esse
1167 1474 1326 1541 videmus.

268 1586 320 1651 De
353 1585 478 1670 origine
510 1585 683 1672 epistulae,
715 1586 767 1649 cui
796 1583 964 1650 doctrinae
997 1583 1127 1650 laudem
1156 1584 1327 1650 Reimerus

182 1678 231 1781 lp.
256 1696 346 1780 133),
381 1696 565 1760 venustatis
592 1694 826 1778 Bernhardyus
858 1693 1023 1780 tribpit¹),
1043 1692 1188 1758 dubito:
1222 1694 1328 1780 possit

185 1804 271 1868 enim
295 1803 413 1889 aliquis
437 1805 600 1892 suspicari
626 1807 703 1890 (etsi
725 1804 813 1869 baud
834 1825 1050 1890 magnacum
1072 1805 1181 1890 specie
1209 1803 1325 1891 proba-

184 1913 335 1999 bilitatis)
365 1915 543 1999 genuinum
565 1915 766 2002 epigramma
776 1915 802 2000 ²)
832 1914 995 1979 interiisse
1018 1913 1106 1978 etin
1129 1914 1198 1978 eius
1220 1912 1327 1977 locum

183 2023 386 2110 suppositum
410 2045 480 2088 esse
503 2021 538 2087 id
560 2023 648 2110 quod
670 2045 755 2088 nunc
775 2022 942 2088 babemus.
979 2023 1123 2089 Videant
1144 2022 1325 2110 peritiores

93 2115 97 2126 ’
184 2135 333 2219 Apparet
355 2132 439 2197 inter
460 2134 619 2218 quosdam
639 2131 798 2219 epistulae
821 2141 853 2196 et
868 2133 1113 2218 epigrammatis
1128 2131 1215 2197 locos
1238 2133 1325 2201 simi·
1396 2191 1398 2196 .

183 2241 287 2307 litudo
309 2242 357 2307 ita
379 2251 573 2328 comparata,
594 2252 632 2308 ut
652 2242 728 2306 inde
744 2241 966 2328 colligendum
988 2243 1031 2308 sit
1046 2242 1220 2328 epistulam
1236 2243 1325 2327 prius

184 2373 279 2436 quam
309 2352 509 2440 epigramma
537 2352 747 2438 compositam
776 2373 857 2418 esse.
903 2351 985 2416 Cum
1014 2350 1096 2415 hanc
1120 2351 1161 2415 ob
1183 2371 1325 2433 causam,

151 2542 155 2551 J
183 2470 252 2523 tum
281 2461 357 2546 quia
387 2462 479 2547 quasi
511 2461 810 2548 interpretationem
844 2461 1004 2546 poematis
1036 2460 1195 2544 continet,
1228 2462 1326 2525 etiam

184 2569 357 2656 epistulam
389 2570 450 2634 hoc
481 2570 552 2637 loco
585 2572 674 2659 typis
705 2571 952 2636 exscribendam
986 2591 1057 2635 esse
1087 2570 1206 2635 censui.
1261 2569 1326 2634 Sed

184 2689 280 2744 antea
302 2679 426 2767 reliqua
455 2681 642 2746 testimonia
669 2679 754 2744 dabo
782 2701 864 2765 quae
892 2679 934 2743 ad
957 2678 1185 2746 Eratosthenis
1212 2677 1325 2744 inven-

182 2798 250 2854 tum
273 2799 427 2875 spectant.
435 2790 463 2875 ³)

267 2897 353 2962 Vitr.
375 2898 428 2962 IX
443 2900 474 2979 3,
493 2901 532 2964 13
547 2922 595 2986 sq.
620 2899 832 2979 transferatur
853 2917 939 2962 ruens
961 2899 1005 2962 ad
1024 2897 1184 2980 Archytae
1206 2899 1325 2964 Taren-

79 3025 84 3036 ·
183 3009 243 3072 tini
265 3013 293 3072 et
314 3007 533 3073 &audiente
549 3007 703 3091 Cyrenaei
724 3008 869 3090 aequata.
905 3007 940 3072 ta·
961 3007 1046 3072 enirn
1060 3007 1160 3073 multa
1183 3013 1211 3072 et
1230 3013 1327 3092 prata
1445 3041 1451 3058 ι

185 3139 205 3181 u
227 3117 454 3182 mathematicis
474 3117 566 3183 rebus
587 3117 765 3182 horninibus
787 3118 980 3195 inuenerunt,
1004 3118 1110 3198 itaque
1131 3137 1201 3181 euni
1223 3119 1326 3182 inae-

184 3228 258 3290 teris
288 3227 520 3292 inventionibus
551 3229 672 3307 fuerint
702 3228 804 3310 prati,
842 3228 878 3290 in
911 3227 978 3290 aus
1010 3227 1058 3290 rei
1086 3226 1327 3308 capitationibus

183 3338 320 3400 rnuuirne
340 3341 415 3401 sant
440 3337 581 3417 suspecti.
626 3336 710 3400 alius
738 3337 821 3400 enirn
849 3335 917 3400 ulia
944 3336 1068 3398 ratione
1095 3335 1327 3416 explicaverunt

184 3447 267 3527 quod
280 3443 360 3510 Dela
382 3446 591 3527 imperauerat
611 3446 768 3526 responsis
782 3444 904 3527 Apollo,
927 3449 963 3508 ut
983 3465 1061 3508 arae
1084 3445 1150 3508 eius
1173 3450 1326 3526 quantun

183 3556 333 3620 haberent
353 3555 472 3638 pedum
500 3556 730 3637 quadratorum
757 3555 792 3619 iel
818 3554 1031 3636 duplicaretur
1058 3558 1088 3617 et
1113 3555 1161 3618 ita
1186 3555 1255 3635 fore
1278 3557 1341 3646 nti,

183 3667 239 3746 qui
260 3667 415 3730 essentia
438 3687 474 3730 ea
496 3665 603 3730 insula
626 3669 699 3729 tune
713 3664 862 3746 religione
884 3663 1102 3728 liberarentur.
1140 3665 1247 3745 itaque
1260 3663 1325 3728 Ar-

183 3775 289 3855 chytas
310 3775 608 3856 hemieylindrorurn
629 3773 900 3855 descriptionibus,
930 3771 1153 3838 Eratosthenes
1174 3774 1325 3855 orpuuica

183 3883 343 3947 rnesolabii
364 3885 486 3948 ratione
507 3885 590 3948 idenr
611 3883 852 3965 mutuaverunt.

268 3991 426 4056 Eutocius
448 4014 480 4078 p.
497 3993 557 4056 146
579 3992 703 4076 γράφει
724 3991 763 4054 δὲ
784 3989 840 4054 nal
863 3989 1101 4072 Νικομήδης
1124 3987 1163 4052 ἐν
1186 3993 1231 4073 τῷ
1251 3987 1325 4053 ἐπι-

182 4099 400 4185 γεγραμμένῳ
422 4101 506 4183 πρός
527 4097 633 4165 αὐτοῦ
649 4099 725 4182 περὶ
746 4099 951 4181 supportaria
966 4099 1199 4182 συγγράμματι
1222 4094 1324 4182 ὀργά-

141 4311 145 4330 '
252 4314 277 4378 t)
296 4314 383 4366 Erech
401 4329 428 4366 u.
448 4313 553 4364 Gruber
571 4311 636 4375 allg.
649 4311 767 4376 Encyhl.
784 4311 833 4362 der
845 4310 929 4362 Wiss.
944 4328 968 4363 u.
983 4309 1090 4362 Kiinste
1106 4310 1165 4362 136
1178 4326 1203 4374 p.
1216 4312 1274 4363 232.

183 4382 209 4500 31)
208 4382 377 4514 gpanpiuptss
474 4381 501 4444 3)
521 4379 643 4443 exeeptis
661 4380 695 4431 iis
714 4379 812 4446 quibus
830 4380 859 4428 in
876 4378 1097 4431 adnotationibus
1115 4377 1192 4429 locus
1210 4379 1262 4430 erit
1279 4381 1324 4429 ad·
