3354 5076
681 343 891 397 usaovarvs
1315 346 1355 410 21
1439 379 1457 410 ,

213 511 323 574 omnia
345 511 497 597 reperire,
521 511 602 575 alter
624 533 738 577 versus
762 511 940 594 significat,
964 513 1230 600 curis„quibus
1254 513 1355 578 homi-

211 643 272 685 nes
295 622 412 686 misere
434 630 637 708 torquentur,
659 622 764 705 magis
786 630 895 686 tamen
911 624 1035 688 animos
1058 623 1187 688 intendi
1203 625 1245 688 ad
1268 623 1371 688 ‹listi--

211 729 352 797 cultates
375 729 562 796 solvendas.
607 730 779 797 Eiusmodi
801 742 910 797 autem
934 732 1167 798 sententiarum
1190 735 1355 800 vinculum

211 839 307 906 deest
324 843 359 906 in
373 841 511 926 Bergkii
527 851 559 907 et
573 840 731 907 Meinekii
746 842 949 911 lectionibus.
983 842 1080 923 Quod
1095 864 1173 908 vero
1190 843 1355 929 Bergkius

211 962 325 1016 censet
353 974 484 1017 versum
513 975 554 1017 ex
581 954 747 1038 prooemio
774 953 927 1018 carminis
956 955 1092 1039 petitum
1116 975 1202 1034 esse,
1230 955 1264 1016 in
1291 977 1354 1040 quo

210 1072 311 1150 poeta
335 1064 475 1127 amicum
503 1061 644 1148 aliquem
675 1061 865 1127 consolandi
897 1063 1006 1147 gratia
1034 1061 1192 1128 allocutus
1228 1065 1285 1148 sit,
1319 1065 1353 1129 id

209 1173 293 1238 mihi
315 1195 457 1260 quoque,
480 1172 509 1236 si
531 1173 760 1258 imperativum
784 1169 892 1254 ὀρθοῦ
915 1181 1002 1238 recte
1024 1195 1059 1238 se
1081 1173 1202 1237 habero
1225 1175 1353 1257 scirem,

209 1281 300 1348 haud
324 1281 541 1368 improbabile
563 1304 634 1346 esse
656 1283 834 1348 videretur.
1245 1277 1250 1284 ’

297 1391 477 1479 Archytam
505 1415 525 1456 a
552 1391 724 1457 Plutarcho
753 1403 1036 1458 commemoratum
1065 1393 1253 1458 Meinekius
1287 1418 1353 1460 non

208 1501 377 1568 diversum
401 1521 472 1566 esse
493 1501 617 1567 iudicat
639 1502 681 1566 ab
703 1502 850 1589 Archyta
872 1512 969 1589 poeta
992 1503 1232 1589 Amphissensi,
1256 1527 1351 1590 quem

208 1610 404 1676 Plutarchus
427 1613 462 1677 in
484 1623 608 1698 quaest.
632 1611 694 1692 Gr.
717 1636 750 1698 p.
772 1614 835 1688 294
858 1613 885 1676 F
912 1613 1007 1695 citat,
1036 1612 1203 1700 addItque:
1233 1636 1350 1700 „quem

208 1723 401 1787 Athenaeus
423 1723 441 1786 Ι
464 1745 496 1808 p.
518 1723 539 1788 5
561 1722 643 1788 Fet
666 1721 735 1786 XII
758 1748 789 1804 p.
811 1725 874 1788 516
897 1723 923 1787 C
952 1725 985 1786 in
1009 1724 1223 1811 scriptoribus
1247 1721 1349 1809 ὀψαρ-

207 1836 356 1897 τυτιιαὸν
386 1842 614 1898 commemorat
642 1831 837 1918 Archytam,
871 1835 1011 1899 fortasse
1045 1833 1087 1898 ab
1122 1835 1351 1922 Amphissensi

207 1965 273 2007 non
297 1941 446 2009 diversus
470 1944 573 2008 fuisse
600 1943 836 2009 existimandus
861 1948 933 2009 est“
961 1943 1061 2028 (anal.
1086 1942 1181 2008 Alex.
1205 1968 1236 2032 p.
1260 1947 1348 2031 354).

742 2173 812 2238 XII

292 2315 312 2401 ἡ
335 2319 526 2400 χερνῆτις
548 2317 688 2398 ἔριθος
711 2311 772 2398 ἐφ’
798 2312 960 2399 ὑψηλοῦ
983 2319 1196 2392 anisacar

293 2427 541 2502 δενδαλίδας
563 2421 765 2508 τεύχουσα
788 2422 942 2502 ιιαλοῦς
963 2424 1107 2510 ἤειδεν
1130 2422 1308 2504 ἰούλους.

292 2561 397 2628 Schol.
422 2561 531 2650 Apoll.
554 2563 636 2646 Arg.
659 2561 676 2625 1
699 2563 761 2627 972
788 2565 898 2628 ίουλοι
921 2563 958 2628 δὲ
980 2567 1165 2628 καλοῦνται
1186 2562 1207 2648 ῆ
1232 2563 1347 2648 πρώτη

206 2670 386 2756 ἐξάνθησις
397 2671 453 2736 καὶ
466 2673 607 2755 ἔκφυσις
619 2675 689 2735 cair
700 2669 737 2735 ἐν
749 2676 795 2758 τῷ
805 2676 924 2758 γενείῳ
936 2675 1070 2756 τριχιόν.
1098 2669 1115 2737 ὁ
1127 2675 1240 2757 μέντοι
1249 2672 1347 2757 Ἐρα-

204 2782 369 2865 τοσθένης
390 2779 497 2865 ὄνομα
519 2778 606 2868 ᾠδῆς
630 2782 758 2862 ἐρίθων
780 2779 954 2847 ἀνέδωκεν
977 2781 1015 2847 ἐν
1037 2787 1082 2867 τῷ
1101 2782 1215 2868 Ἑρμῆ,
1239 2786 1346 2866 λέγων

173 2899 175 2906 ’
205 2889 328 2968 οὕτως·
352 2889 402 2976 ῆν
424 2896 617 2976 χερνῆτις
638 2895 709 2960 κτλ.
748 2887 811 2955 οὐκ
827 2893 896 2960 ἔστι
912 2892 959 2974 δέ,
984 2891 1067 2976 φησὶ
1083 2894 1246 2978 Δίδυμος,
1270 2889 1345 2970 ἀλλ’

204 2998 310 3085 ὕμνος
337 3003 385 3078 είς
410 3002 589 3086 Δήμητρα,
623 2998 669 3077 aig
696 2998 714 3067 ὁ
744 2997 905 3086 οὕτιιγχος
936 2999 1028 3086 παρὰ
1061 3006 1266 3086 Τροιζηνίοις
1300 3005 1346 3080 εἰς

195 3107 362 3197 Ἄρτεμιν.
409 3111 564 3193 ἔστιγὰρ
587 3109 643 3176 καὶ
666 3103 768 3188 οὕλος
790 3110 846 3175 καλ
869 3115 983 3188 ίονλος
1004 3109 1024 3195 ῆ
1049 3112 1086 3176 εἰι
1108 3117 1177 3178 τῶν
1193 3114 1345 3198 δραχμαί-

203 3245 272 3285 των
286 3221 505 3305 Ισνναχομίνη
527 3223 642 3308 δέσμη,
666 3222 722 3286 καὶ
746 3218 846 3286 orlaa
867 3216 887 3304 ἡ
911 3221 1083 3306 Δημήτηρ.

287 3333 342 3398 Et.
364 3355 405 3397 m.
429 3334 501 3413 472,
523 3334 565 3398 36
588 3334 636 3415 (v.
660 3334 788 3416 ίουλος)
812 3332 940 3396 ἔστιδὲ
963 3332 1019 3396 καὶ
1041 3329 1129 3416 φ’δῆς
1151 3329 1258 3415 ὄνομα
1265 3381 1274 3415 ,
1299 3329 1345 3408 οὕς
1452 3347 1456 3354 “

203 3458 310 3527 φησιν
328 3441 569 3527 Ἐρατοσθένης
592 3442 631 3508 ἐν
652 3445 699 3528 τῷ
716 3437 832 3526 Ἐρμῆ·
857 3439 877 3525 ἡ
900 3445 1088 3526 χερνῆτις
1111 3444 1180 3506 κτλ.

288 3553 426 3618 Taetzes
452 3553 486 3618 in
516 3552 595 3640 Lyc.
618 3553 660 3617 23
693 3555 807 3627 ίονλος
838 3551 874 3616 δὲ
904 3554 1058 3635 σημαίνει
1086 3552 1247 3636 τέσσαρα·
1283 3549 1344 3617 τδν

202 3661 360 3746 σιιοίληιια
382 3667 515 3746 τοῦτον,
538 3660 600 3746 τῆν
623 3660 807 3745 ίξιίνθησιν
835 3665 904 3725 τῶν
926 3664 1082 3743 γενείων,
1114 3659 1176 3746 τῆν
1198 3678 1342 3745 σνστρο-
1463 3735 1471 3748 ,

202 3769 271 3856 φῆν
293 3777 362 3837 τῶν
383 3777 520 3856 τριχῶν,
543 3769 680 3838 καὶτὸν
702 3770 825 3854 ὕμνον,
848 3769 893 3846 οὕς
915 3788 1021 3854 φησιν
1040 3768 1280 3856 Ἐρατοσθένης
1304 3772 1342 3835 ἐν

197 3877 315 3968 Ἐρμῆ·
341 3880 361 3968 ῆ
385 3886 577 3968 χερνῆτις
598 3886 669 3947 κτλ.

285 4009 424 4074 Tzetzcs
446 4009 531 4075 Chil.
556 4008 644 4075 XIII
666 4009 728 4074 563
744 4032 815 4095 sqq.

286 4144 343 4208 καί
365 4148 479 4220 ίονλος
501 4142 518 4208 ὁ
542 4140 647 4229 ὕμνος
668 4144 731 4228 μὲν
753 4143 841 4227 πλῆν
863 4145 999 4228 θηλοιιῆ
1021 4148 1061 4227 τῆ
1084 4144 1212 4228 κλῆσει,

286 4251 331 4332 ὠς
353 4252 391 4318 ἐν
409 4252 509 4340 Ἑρμῆ
533 4254 684 4319 διδάσκει
706 4277 762 4335 μοι
786 4257 896 4328 καλῶς
914 4249 1169 4337 Ἐρατοσθένης·

285 4361 306 4450 ῆ
328 4369 516 4450 χερνῆτις
537 4368 606 4430 κτλ.
