3324 5074
267 355 308 418 72
732 355 943 407 Mercvervs

267 524 392 606 Inpiter
414 525 567 606 ipnooerit
585 523 661 606 filio,
685 523 788 604 ipsam
809 523 957 604 sapittam
971 527 1059 588 oento
1082 524 1127 588 ad
1139 522 1317 606 Apollinem
1336 547 1408 606 per-

268 635 367 698 latam
388 653 459 697 enm
478 632 635 715 frnpihns,
659 653 740 714 qooao
761 653 794 696 eo
810 637 943 714 tempore
957 633 1175 698 noscebantnr.
1213 634 1295 698 hano
1310 637 1407 716 ipitnr

267 743 304 807 oh
326 761 456 807 eansam
477 744 559 806 inter
572 742 679 807 sidera
693 742 915 806 demonstrant.
952 742 1076 810 Catast.
1092 741 1143 806 29.
1176 741 1280 806 Schol.
1297 743 1404 808 Germ.

267 875 298 938 p.
323 851 373 915 91.
400 852 470 915 161.
673 901 677 908 .
1094 856 1099 866 ’
1203 925 1208 935 .

351 958 438 1024 VIII
466 960 547 1046 (17).
598 959 828 1042 Delphinus.
878 959 945 1025 Hie
971 981 1035 1042 qna
1068 963 1106 1026 de
1132 981 1229 1026 oansa
1261 964 1302 1026 sit
1327 963 1409 1026 inter

268 1075 357 1135 ostra
379 1071 552 1148 oolloootns,
575 1068 797 1134 Eratosthenes
817 1071 865 1134 ita
886 1091 955 1134 enm
976 1073 1081 1135 ceteris
1102 1072 1194 1134 dicit:
1216 1069 1408 1153 Neptnnnm,

267 1199 329 1260 qno
351 1183 484 1261 tempore
504 1176 637 1244 volnerit
656 1178 870 1261 Amphitriten
892 1181 1002 1245 dnoere
1022 1199 1150 1244 onorem
1172 1185 1201 1244 et
1213 1180 1270 1244 illo
1285 1182 1411 1262 sopiens
1466 1228 1486 1268 Ι.

268 1307 449 1354 omsermre
462 1289 676 1371 oirpinitotem
689 1290 807 1372 snperit
820 1291 865 1355 od
876 1289 1021 1373 Atlanta,
1042 1289 1212 1372 oomplmes
1226 1310 1295 1354 eam
1316 1311 1409 1370 qnae-

268 1399 363 1462 sitnm
385 1399 548 1477 dimisisse,
571 1399 608 1463 in
629 1399 678 1464 his
700 1403 729 1463 et
749 1398 912 1482 Delphina
933 1401 1090 1481 qnondam
1108 1401 1242 1478 nomine,
1266 1400 1320 1480 qni
1337 1420 1410 1482 per-

226 1565 238 1583 ,
267 1513 401 1590 oopatns
422 1509 546 1573 insnlas
567 1509 740 1590 aliqnando
763 1509 807 1574 ad
827 1510 981 1592 oirpinem
996 1510 1141 1592 pervenit
1155 1510 1242 1590 none
1251 1510 1412 1591 persnasit

267 1622 303 1681 nt
332 1618 460 1682 nnberet
480 1616 628 1698 Neptnno
651 1622 679 1681 et
700 1620 765 1700 ipse
786 1621 916 1702 nnptios
937 1638 1044 1682 eornm
1066 1619 1310 1683 administravit.
1348 1639 1411 1701 pro
1538 1639 1540 1643 ·

270 1747 329 1808 qno
349 1727 433 1808 faeto
448 1729 531 1792 inter
552 1728 658 1792 sidera
680 1726 833 1810 Delphini
855 1728 989 1811 effipiem
1011 1728 1176 1793 colheaoit.
1222 1726 1329 1819 Schol.
1352 1728 1410 1790 Ar.

269 1836 341 1899 316.
372 1835 495 1902 Catast.
518 1837 569 1900 31.
604 1835 712 1902 Schol.
735 1835 846 1902 Germ.
869 1859 902 1923 p.
926 1837 975 1901 92.
1002 1836 1059 1900 191
1077 1858 1125 1922 sq.
1501 1851 1503 1854 ⁴

354 1944 404 2007 IX
418 1944 500 2030 (20).
526 1944 748 2011 Eratosthenes
764 1948 812 2012 ait
825 1947 953 2012 arietem
966 1948 1071 2029 ipsnm
1085 1947 1146 2011 sihi
1155 1947 1267 2029 pellem
1282 1969 1412 2012 anream

259 2053 442 2120 ‘detronisse
462 2060 491 2119 et
513 2053 636 2120 Phriao
658 2058 826 2120 memoriae
847 2075 944 2120 eanso
967 2056 1094 2134 dedisse,
1117 2057 1221 2138 ipsnm
1243 2057 1287 2120 ad
1306 2057 1412 2136 sidera

265 2166 459 2245 pervenisse:
481 2185 590 2246 qnare,
613 2169 648 2230 nt
661 2185 760 2248 snpra
775 2166 922 2248 diaimns,
939 2166 1099 2230 ohsenrins
1113 2167 1266 2230 oideatm.
1304 2164 1411 2230 Schol.

271 2273 330 2337 Ar.
352 2271 416 2337 225
443 2275 565 2338 τοῦτον
587 2273 648 2338 τὸν
674 2274 774 2359 κριὸν
794 2271 1033 2358 Ἐρατοσθένης
1061 2269 1152 2338 εἷναί
1177 2291 1281 2358 φησιν
1293 2271 1413 2357 Ἕλλης

272 2382 328 2444 καὶ
351 2380 489 2466 Φρίξου,
514 2381 555 2446 ὃν
576 2383 688 2460 θύσας
711 2387 757 2469 τῷ
780 2384 893 2470 Φυξίῳ
915 2382 975 2448 Διὶ
998 2384 1120 2467 Φρίξος
1142 2381 1205 2467 τήν
1227 2381 1334 2466 δορὰν
1356 2384 1414 2447 δέ·

273 2492 360 2554 δωκε
382 2495 428 2573 τῷ
453 2487 575 2576 Αἰήτῃ·
607 2490 660 2556 διὸ
691 2490 848 2567 καὶτοὺς
875 2492 1017 2574 ἀστέρας
1039 2491 1146 2558 αὐτοῦ
1174 2491 1416 2574 ἅμαυροῦσθαί
1499 2527 1510 2546 ·

272 2616 377 2682 φησιν
404 2595 449 2675 ὠς
478 2600 685 2685 ἐκδαρέντος.
737 2601 859 2667 Catast.
891 2603 940 2666 19.
975 2601 1080 2667 Schol.
1109 2603 1221 2666 Germ.
1250 2626 1281 2688 p.
1308 2603 1348 2666 79
1364 2625 1412 2689 sq.

275 2710 335 2773 142
349 2732 397 2796 sq.

357 2819 391 2882 X
421 2819 502 2904 (23).
546 2820 676 2887 Dioitnr
703 2824 797 2886 etiam
824 2823 892 2887 alia
922 2823 1056 2887 historia
1083 2823 1120 2900 de
1146 2820 1275 2901 Asellis,
1305 2827 1340 2887 nt
1368 2825 1415 2888 ait

273 2929 504 2994 Eratosthenes.
539 2952 599 3012 qno
621 2937 754 3013 tempore
776 2932 900 3015 Inpiter
922 2933 997 2997 hello
1021 2931 1212 3014 Gipantilms
1228 2934 1349 2997 indioto
1372 2935 1416 2998 ad

273 3059 322 3103 eos
343 3040 568 3121 oppnpnondos
596 3061 700 3104 omnes
728 3043 798 3105 deos
820 3043 1009 3124 eonoooaoit,
1037 3043 1154 3106 omisso
1182 3042 1332 3107 Lihernm
1351 3066 1413 3125 pa-

274 3153 366 3229 trem,
396 3148 586 3227 aneannm,
611 3148 756 3231 Satyros,
780 3149 901 3214 Silenos
924 3151 1027 3215 asellis
1048 3155 1159 3215 oeetos:
1183 3154 1329 3232 animm
1350 3173 1415 3217 non

275 3259 371 3340 lonpe¹
383 3258 423 3323 ab
445 3259 583 3323 hostibns
604 3259 751 3337 ahessmt,
775 3260 923 3323 dionntm·
937 3260 1025 3324 aselli
1038 3261 1235 3342 portimnisse
1256 3267 1284 3326 et
1297 3265 1343 3326 ito
1354 3283 1414 3343 pro

273 3387 305 3430 se
328 3369 456 3448 qnisqne
477 3388 628 3450 mapnnm
649 3370 815 3434 clamorem
836 3373 864 3432 et
886 3370 1066 3434 inanditnm
1087 3368 1278 3451 Gipantihns
1295 3371 1413 3452 secisse,

274 3481 310 3539 nt
331 3496 435 3541 omnes
456 3478 554 3542 hostes
576 3497 683 3542 eornm
710 3479 843 3544 elamore
865 3481 901 3542 in
920 3479 1032 3561 fnpam
1057 3499 1089 3544 se
1114 3480 1299 3544 omieeorint
1319 3484 1348 3543 et
1368 3482 1415 3542 ita

273 3587 339 3648 sint
358 3588 507 3667 snperati.
553 3585 676 3650 (latest.
702 3589 750 3650 11.
783 3585 889 3651 Schol.
913 3587 1023 3659 Germ.
1046 3611 1078 3674 p.
1102 3589 1152 3653 71.
1179 3589 1239 3651 129
1250 3610 1299 3673 sq.

358 3693 406 3757 XI
429 3693 509 3778 (24).
552 3694 775 3760 Eratosthmos
802 3701 905 3760 antem
932 3698 1008 3760 dioit
1035 3702 1063 3761 el
1089 3697 1265 3778 oirpinihns
1292 3696 1415 3762 Lesbiis

275 3805 390 3888 dotem,
414 3825 510 3884 qnam
532 3806 642 3885 oniqne
663 3805 804 3869 reliotam
828 3827 850 3868 a
864 3810 999 3886 pormte
1020 3826 1109 3870 nemo
1130 3807 1266 3884 solveret,
1289 3809 1416 3871 inssisse

274 3915 363 3977 reddi
386 3914 593 3998 (Berenicen)
621 3918 650 3977 et
676 3915 756 3978 inter
783 3933 836 3977 eas
857 3915 1050 4006 constitnisse
1070 3916 1259 3996 petitionem.
1306 3915 1413 3982 Schol.

276 4023 385 4086 Germ.
409 4046 441 4109 p.
465 4022 515 4086 72.
541 4022 612 4087 132.

361 4131 431 4196 XII
455 4132 536 4216 (28).
581 4133 647 4198 Hie
669 4132 915 4219 (Caprioornus)
938 4135 1033 4197 etiam
1054 4137 1178 4213 dioitnr,
1202 4157 1272 4199 enm
1293 4135 1416 4218 Inpiter

278 4241 412 4305 Titanos
438 4248 646 4325 oppnpnaret,
676 4246 804 4325 primns
838 4243 979 4308 obiecisse
1010 4245 1148 4308 hostiens
1175 4247 1328 4324 timorem,
1362 4246 1416 4323 qni

276 4348 427 4425 Πανικός
453 4351 644 4435 appellator,
672 4357 708 4416 nt
728 4354 776 4416 ait
796 4351 1035 4418 Eratosthenes:
1061 4355 1121 4419 hae
1142 4355 1235 4418 otiam
1261 4354 1298 4417 do
1319 4373 1416 4419 oansa
