3324 5074
332 355 391 418 108
819 351 982 405 umacus

330 543 412 607 quae
436 522 477 586 de
491 518 632 612 Ascoliis
655 518 753 604 vulgo
775 517 1002 583 narrabantur.
1041 517 1089 582 Eo
1111 518 1214 601 igitur
1236 538 1365 583 versum
1388 514 1472 582 falso

328 630 515 712 revocavit,
543 639 641 715 atque
661 629 709 693 ita
735 629 852 693 miram
879 627 967 692 illam
990 625 1135 692 fabulam
1158 626 1199 692 de
1227 628 1363 713 paganis
1386 627 1473 691 circa
1509 660 1521 673 κ

329 751 434 806 utrem
464 738 660 804 saltantibus
686 737 826 802 effinxit.
878 737 952 803 Hoc
980 737 1009 801 si
1037 735 1224 816 statuimus,
1258 737 1290 800 in
1320 747 1473 822 promptu

329 859 379 915 est
401 848 643 933 simplicissima
664 869 778 912 versus
801 847 1037 932 interpretatio.
1073 845 1113 910 In
1135 846 1249 911 Attica
1263 844 1380 910 dicbus
1402 847 1471 932 qui-

328 960 467 1025 busdam
500 956 712 1024 sollemnibus
740 958 864 1022 hircum
893 955 1023 1022 Baccho
1054 953 1132 1021 olim
1165 955 1367 1020 immolatum
1400 977 1479 1033 esse¹

328 1069 503 1134 multorum
527 1068 711 1132 testimonia
726 1067 879 1154 produnt.
892 1066 916 1150 ¹)
953 1061 1234 1131 Commemoratur
1255 1067 1354 1132 etiam
1370 1064 1471 1130 Grae·

330 1200 441 1243 corum
462 1201 534 1244 mos
557 1175 697 1252 saltandi
725 1178 847 1241 circum
869 1197 974 1258 aram,
1002 1176 1079 1240 dum
1106 1175 1233 1241 hostiae
1255 1188 1363 1260 partes
1388 1197 1473 1261 quae

330 1288 380 1352 dis
403 1295 609 1353 consecratae
632 1294 724 1352 erant
743 1288 778 1352 iu
792 1309 850 1351 ara
864 1271 1108 1352 comburuntur.
1138 1284 1247 1372 Apoll.
1264 1286 1343 1369 Arg.
1361 1285 1469 1350 11701

413 1421 500 1488 τοῖσι
523 1422 559 1497 δὲ
582 1407 748 1506 Λχτοΐδης
770 1419 879 1505 ἄγρην
900 1416 1020 1505 πόρεν·
1047 1423 1085 1487 ἐκ
1107 1421 1147 1485 δέ
1166 1443 1211 1485 νν
1232 1418 1369 1485 πάντων

414 1530 559 1616 εὐαγέως
582 1533 659 1616 ἱερῷ
682 1528 748 1596 alud
770 1530 894 1597 διπλόα
915 1533 1019 1616 μηρία
1039 1534 1141 1615 βωμῷ

413 1653 510 1707 καῖον
516 1691 526 1725 ,
551 1643 776 1718 ἐπικλείοντες
792 1638 912 1706 Ἑωιον
928 1638 1133 1705 Ἀπόλλωνα.

413 1748 515 1836 ἀμφὶ
538 1751 581 1815 dl
603 1749 842 1834 δαιομένοις
861 1746 993 1834 εὐρύν
1014 1748 1138 1834 χορόν
1161 1747 1401 1834 ἐστήσαντο.

330 1895 382 1958 Et.
399 1917 442 1958 m.
457 1893 531 1978 690,
546 1895 587 1959 47
611 1889 830 1978 ὑπορχήματα
845 1893 883 1959 δὲ
899 1889 996 1958 ἅτινα
1012 1893 1115 1958 πάλιν
1129 1895 1248 1975 ἔλεγον
1270 1891 1471 1979 ὀρχούμενοι

328 2006 384 2068 καὶ
406 2005 580 2088 τρέχοντες
601 2003 715 2086 κύκλῳ
736 2006 855 2086 βωμοῦ
877 2003 1067 2088 καιομένων
1088 2005 1157 2067 τῶν
1177 2003 1318 2088 ἱερείων.
1356 2005 1471 2090 Itaque

327 2113 561 2178 Eratosthenes
583 2111 664 2177 nihil
687 2112 776 2178 aliud
798 2112 879 2178 dicit
900 2114 966 2177 nisi
994 2113 1126 2178 chorum
1152 2113 1370 2197 agricolarum
1393 2112 1469 2178 dum

327 2225 369 2289 ab
391 2223 465 2288 aliis
489 2223 571 2288 hirci
595 2223 792 2288 sacrificium
814 2225 852 2288 fit
867 2224 954 2288 circa
968 2221 1150 2307 saltasse.²)
1187 2222 1223 2288 Si
1242 2220 1376 2307 Ἰκάριοι
1392 2223 1470 2288 scri·

228 2379 230 2382 -
327 2332 453 2413 bimus,
482 2334 644 2398 sententia
670 2355 784 2398 versus
807 2334 887 2397 haec
909 2341 969 2415 est,
992 2332 1174 2397 Icarieuscs
1202 2322 1273 2397 loco
1295 2342 1392 2398 antea
1414 2332 1469 2398 de-

257 2495 261 2513 .
327 2443 447 2526 scripto
466 2439 583 2527 (τόθι),
607 2464 691 2507 cum
714 2442 871 2521 Icarius
893 2442 1048 2507 hircum
1070 2444 1164 2528 quia
1186 2443 1325 2508 vineas
1349 2441 1470 2530 depa-

327 2561 412 2616 stus
435 2560 543 2616 esset
563 2549 799 2634 immolaret,
823 2555 989 2638 primum
1005 2551 1141 2617 saltasse
1157 2553 1244 2617 circa
1259 2553 1384 2617 hircum
1400 2557 1470 2638 (po-

327 2663 422 2726 steris
436 2660 637 2747 temporibus
647 2660 825 2727 Icarienses
835 2661 922 2726 idem
932 2661 1121 2747 saepissime
1133 2660 1321 2743 faciebant).
1344 2661 1470 2728 sivero
1576 2701 1579 2708 ·

321 2768 463 2855 Ἰκαριοῑ
488 2792 568 2835 vera
595 2770 690 2837 lectio
718 2781 784 2854 est,
812 2781 908 2858 poeta
929 2771 1030 2836 refert
1057 2771 1291 2857 primum-in
1314 2770 1470 2836 Icariae

326 2902 427 2966 pago
449 2880 601 2945 choream
623 2879 712 2945 illam
734 2882 844 2946 datam
867 2904 938 2946 esse
961 2881 1090 2967 (postea
1112 2881 1211 2946 etiam
1225 2882 1260 2945 in
1274 2879 1348 2945 aliis
1363 2882 1480 2965 regio·

325 2989 449 3074 nibus).
492 2991 602 3076 Atque
623 2991 699 3055 inde
721 3013 825 3076 paene
847 3002 971 3056 certum
998 2990 1079 3056 mihi
1105 2990 1142 3054 fit
1162 2987 1468 3072 ’tuaprotscriben-

328 3099 407 3164 dum
422 3121 503 3165 esse.
541 3099 577 3164 si
593 3097 730 3184 Ἰκάριον
751 3103 893 3184 genuina
908 3109 956 3165 est
970 3100 1144 3186 scriptura,
1167 3102 1269 3166 verba
1285 3102 1342 3182 (ex
1356 3123 1468 3165 narra·

325 3209 425 3275 tionis
441 3205 580 3273 decursu
596 3211 716 3296 petita)
739 3232 781 3274 ax
799 3211 841 3275 iis
863 3232 946 3295 quae
961 3210 1198 3295 praecesserint
1219 3218 1251 3274 et
1265 3231 1307 3275 ex
1321 3211 1362 3275 iis
1386 3233 1469 3296 quae

326 3319 393 3384 sint
415 3329 525 3384 secuta
551 3319 658 3384 lucem
685 3311 851 3407 accepisse
879 3320 1101 3384 necessarium
1124 3328 1208 3384 erat:
1240 3320 1335 3385 Arati
1358 3329 1468 3385 autem

328 3438 563 3494 commentator
584 3428 733 3494 socordia
753 3451 792 3496 ac
813 3429 1022 3514 neglegentia
1043 3429 1103 3495 vix
1118 3428 1268 3494 credibili
1283 3436 1390 3494 omnia
1411 3430 1469 3496 illa

327 3537 454 3625 reliqua
481 3561 546 3603 nou
575 3541 717 3621 curavit,
750 3562 792 3604 ex
819 3517 884 3604 uno
914 3539 976 3605 hoe
1003 3539 1192 3603 hexametro
1220 3561 1259 3603 ea
1285 3561 1368 3625 quae
1397 3537 1468 3606 dixi

325 3646 471 3733 collegit!
522 3648 568 3713 At
596 3647 692 3734 culpa
721 3650 790 3714 eius
813 3648 910 3714 valde
938 3648 1110 3731 minuitur,
1139 3670 1281 3715 errorem
1308 3649 1338 3713 ei
1365 3649 1468 3734 multo

326 3758 455 3824 facilius
479 3757 662 3823 condonare
681 3780 864 3846 possumus,
888 3758 997 3824 omnia
1018 3756 1246 3843 multomagis
1269 3759 1311 3823 ad
1333 3761 1403 3824 veri
1426 3763 1467 3824 si·

325 3868 543 3934 militudinem
563 3867 739 3949 accedunt,
767 3870 796 3933 si
823 3869 1013 3951 statuimus,
1042 3868 1218 3933 verborum
1245 3867 1323 3934 τόθι
1350 3849 1468 3954 πρῶτα

319 3977 404 4065 ,περὶ
424 3976 548 4059 τράγον
574 3973 769 4062 ὠρχήσαντο
795 3979 1047 4064 explicationem
1068 4001 1110 4044 cx
1134 3980 1316 4063 argumenti
1339 4001 1467 4044 conexu

325 4088 443 4153 ascisci
464 4109 539 4152 non
561 4090 724 4173 potuisse,
754 4088 812 4154 sed
833 4091 867 4154 in
893 4087 961 4153 sola
987 4089 1176 4175 interpretis
1205 4089 1382 4174 sagacitate
1409 4099 1468 4154 aut

326 4236 528 4247 ..-.-—-——

394 4311 419 4374 1)
438 4309 583 4362 Schneider
600 4311 648 4362 das
663 4311 786 4364 Attische
803 4312 1009 4364 Theatsrweaen
1027 4328 1052 4378 p.
1065 4313 1097 4362 23
1110 4327 1150 4377 sq.
1220 4310 1247 4376 2)
1266 4310 1308 4363 Ol.
1323 4313 1355 4363 0.
1368 4310 1468 4362 Miiller

327 4379 422 4430 Gesch.
439 4378 488 4430 der
504 4378 606 4442 griech.
625 4379 679 4430 Lit.
696 4381 725 4431 11
743 4396 769 4446 p.
787 4383 828 4432 32.
