3324 5074
307 313 367 376 104
793 311 956 362 aaroonu

303 481 470 568 praebent.
514 481 670 544 Ceterum
694 477 844 544 vocabuli
866 479 998 544 obscuri
1020 479 1144 544 formae
1167 480 1202 542 in
1222 480 1451 562 grammatico-

303 613 376 654 rum
399 590 492 654 libris
515 591 597 653 miro
619 590 801 654 variantur.
838 588 889 653 Os.
911 597 1040 674 practer
1061 589 1249 654 testimonia
1270 588 1335 651 iam
1351 586 1452 654 allata

304 700 384 767 Hes.
409 695 695 782 deuexeids9¹)·
731 693 772 761 τα
795 693 961 779 περυσινά
983 697 1144 781 κλήματα.
1190 692 1379 781 όρεσχάς·
1412 678 1451 761 τό

305 807 371 874 σόν
393 819 462 885 τοῖς
482 807 647 891 βότρυσιν
674 804 863 888 ἀφαιρεθὲν
890 808 1011 888 κλῆμα.
1056 807 1214 891 Harpocr.
1241 829 1274 869 v.
1303 803 1451 888 ὀσχοφό-

305 942 372 1001 pot:
401 915 421 1002 ἡ
444 917 482 982 δὲ
505 914 586 1000 dem
609 917 721 1000 κλῆμα
748 915 820 980 ἐστι
841 914 966 997 βότρυς
988 914 1232 998 ἐξηρτημένους
1253 917 1345 998 ἔχον·
1369 915 1450 980 ταύ-

305 1051 367 1110 την
389 1026 427 1092 δὲ
449 1023 658 1110 όρεσχόόα
681 1027 765 1090 ἔνιοι
788 1028 962 1089 καλοῦσιν.

390 1135 457 1202 Sed
485 1135 563 1199 de
553 1137 633 1221 ipsis
661 1135 767 1200 tribus
794 1134 905 1200 verbis
932 1156 1015 1220 quae
1037 1134 1245 1200 Eratostheni
1270 1137 1451 1202 vindicavi·

304 1268 376 1310 mus
406 1244 484 1332 quid
514 1244 722 1310 statuendum
752 1244 811 1327 sit,
840 1244 920 1308 satis
949 1243 1084 1309 difficile
1113 1257 1163 1310 est
1189 1243 1370 1330 exploratu.
1415 1247 1451 1311 Si

304 1365 392 1420 reete
414 1355 578 1440 Bergkius
602 1350 860 1437 Ἰκαριωνείηςῖ)
883 1375 943 1439 pro
963 1350 1167 1436 Ἰκαριωνὶης
1193 1335 1324 1440 scripsit
1352 1355 1451 1438 (eom-

304 1475 403 1530 ment
433 1465 505 1530 erit.
533 1462 627 1549 IIp.
649 1465 700 1546 5),
731 1462 899 1527 Meinekio
933 1462 1184 1528 adsentiendum
1216 1464 1364 1548 videtur,
1395 1466 1451 1550 qui

304 1574 525 1657 Ἰκαριωνείης
546 1574 589 1637 ad
612 1572 736 1656 κοόρης
744 1573 771 1655 ³)
793 1595 908 1637 vocem
930 1571 1127 1658 pertinuisse
1143 1575 1298 1638 coniecit:
1323 1597 1354 1638 v.
1371 1575 1450 1639 Mei-

306 1684 399 1748 nekii
427 1681 512 1747 anal.
539 1682 637 1747 Alex.
665 1706 697 1767 p.
725 1682 798 1748 273.
847 1681 947 1762 Quod
975 1704 1053 1747 vero
1085 1681 1253 1769 scrupulos
1283 1682 1450 1748 Meinekio

305 1793 424 1876 movit,
448 1793 549 1856 vitem
571 1812 591 1855 a
612 1802 711 1876 poeta
730 1791 936 1875 Erigonae
959 1792 1082 1857 vitem
1104 1791 1279 1878 appellari,
1302 1792 1337 1856 id
1359 1791 1451 1857 facil-

305 1903 390 1968 lime*
404 1900 561 1988 expedire
583 1922 765 1988 possumus,
788 1901 816 1964 si
832 1902 1017 1982 statuimus,
1039 1902 1215 1969 verborum
1238 1903 1450 1967 constructio-

305 2035 380 2077 nem
408 2011 613 2076 librariorum
641 2010 792 2075 socordia
823 2010 1033 2076 obscuratam
1061 2032 1142 2074 esse.
1192 2009 1334 2075 Possunt
1364 2013 1451 2076 enim

290 2122 410 2187 ·verba
437 2120 494 2185 illa
521 2119 581 2185 tali
609 2141 735 2185 conexu
757 2120 886 2205 prolata
907 2120 1024 2185 fuisse:

392 2257 518 2339 κούρης
540 2251 571 2318 d’
597 2254 635 2319 ἐν
656 2258 827 2339 χείρεσσιν
849 2254 946 2339 ἔθηκ’
970 2251 1209 2337 αὐροσχόὸα
1230 2255 1388 2340 βότρυν

388 2379 392 2390 “
507 2361 785 2449 Ἰκαριωνείης
807 2363 862 2428 καὶ
884 2360 956 2428 τόδ’
981 2363 1093 2440 ἔλεξεν
1118 2367 1206 2442 ἔπος.

307 2500 372 2566 Sed
408 2508 546 2586 possunt
583 2500 681 2564 etiam
717 2504 869 2584 graviore
905 2487 1089 2586 corruptela
1124 2498 1283 2568 laborare.
1341 2501 1451 2567 Veluti

307 2609 482 2695 Bergkius‚
504 2617 541 2672 ut
561 2610 627 2673 iam
651 2609 732 2692 dixi,
756 2609 835 2674 haec
858 2609 1043 2696 proposuit:

798 2739 1008 2828 αὐροσχόδος
1030 2748 1149 2808 αἴνυτο
1169 2744 1299 2829 βότρυν
1330 2749 1333 2758 ’

388 2853 621 2938 Ἰκαρτωνείης.

307 2989 493 3053 Meinekius
516 2998 625 3054 autem
648 3011 778 3053 versum
801 2990 835 3052 in
858 2990 942 3054 hunc
964 2988 1095 3054 modurn
1118 2991 1333 3074 redintegrari
1355 3015 1452 3079 posse

307 3099 453 3186 putavit:

392 3229 412 3317 ἡ
435 3229 466 3297 δ’
490 3229 685 3317 αὐροσχόόα
706 3233 836 3316 βότρυν
857 3230 1046 3316 ἆτέστυγεν
1065 3230 1240 3319 Ἰκαραόνη

308 3368 362 3436 vel
383 3371 446 3434 ita:

394 3501 469 3567 ἕνθ’
494 3504 687 3586 αύροσχόόα
708 3503 837 3586 βότρυν
860 3503 933 3569 ἐπεὶ
959 3503 1064 3587 πόρεν
1081 3501 1256 3587 Ἰκαρίωνι.

819 3706 943 3771 XXXI

394 3831 500 3899 solor.
516 3830 723 3897 Dioscorias
745 3802 835 3914 apua
849 3831 966 3896 Marto.
981 3833 1068 3900 nee.
1083 3843 1147 3899 vet.
1165 3858 1195 3919 p.
1212 3836 1276 3900 aco
1297 3835 1452 3918 μόσχον

309 3938 383 4004 ἀντὶ
411 3945 471 4004 τοῦ
500 3939 626 4005 κλόόου
653 3939 675 4025 ἢ
702 3941 868 4023 βλαστόν·
896 3942 1109 4026 μοσχεόματα
1137 3941 1212 4034 γαρν
1233 3940 1272 4007 τό
1302 3942 1361 4009 νέα
1383 3949 1452 4010 τῶν

378 4197 402 4260 1)
422 4189 599 4263 αὐροαχόὸες
617 4198 648 4261 eJ.
663 4189 864 4263 Bernhardyus.
915 4198 942 4264 2)
958 4190 1123 4266 Ἰκαριεόνης
1141 4199 1247 4266 (Bergk
1265 4202 1338 4252 anal.
1349 4201 1426 4256 Alex
1438 4204 1452 4252 I

312 4282 338 4330 p.
358 4265 426 4328 16)
418 4282 446 4316 m
463 4281 562 4317 versus
580 4267 662 4317 initio
680 4266 799 4330 positum
817 4266 902 4317 fuisse
920 4269 967 4318 vix
986 4273 1084 4333 potest,
1103 4269 1215 4320 sirecte
1233 4268 1322 4319 locum
1341 4270 1375 4320 ad
1392 4271 1451 4320 Eri·

310 4347 409 4396 genem
428 4333 531 4384 rettuli.
600 4332 685 4398 3.)cf
704 4335 786 4384 etiam
804 4328 823 4386 oi
841 4335 1008 4399 Βερενικεία
1026 4328 1185 4402 θυγάτηρ
1202 4336 1315 4388 Theocr.
1335 4341 1375 4402 15,
1395 4340 1451 4388 110
