3324 5074
692 400 896 452 annanrnrs
1324 399 1365 464 87

225 567 312 652 quod
334 557 523 632 mutationis
552 567 686 632 lenitate
715 566 807 651 (nam
828 589 893 631 una
919 576 1046 632 tantum
1074 568 1183 634 littera
1208 575 1362 647 mutatur,

224 697 289 740 una
310 676 455 758 additur)
477 677 593 741 ceteris
616 676 810 742 coniecturis
833 686 988 762 praestat.
1026 678 1258 763 Significantur
1280 677 1365 743 oculi

223 786 264 866 in,
280 784 448 871 obliquum
476 786 642 867 conversi,
669 795 706 851 ut
727 783 868 873 pupulas
890 808 954 851 non
976 789 1010 852 in
1035 774 1153 852 mediis
1175 785 1277 852 oculis
1301 788 1366 852 sint

223 895 281 959 sed
296 895 331 958 in
345 895 486 978 angulis,
499 896 711 981 pingiturque
725 895 789 962 hoo
803 896 900 961 modo
915 885 1033 982 aliquis
1049 897 1106 983 qui
1121 893 1221 973 λοξόν
1236 893 1364 979 ὀφθαλ-

223 1014 298 1085 μοῖς
317 1003 443 1086 βλέπει.
480 1004 594 1089 Neque
608 1026 723 1069 verum
738 1015 788 1071 est
810 1005 897 1091 quod
919 1005 1084 1091 Bergkius
1106 1006 1198 1088 dicit,
1222 1004 1260 1070 ἐκ
1282 1029 1365 1071 καν-
1481 1002 1487 1008 ’
1613 1051 1617 1062 .

222 1115 298 1177 θῦν
318 1114 422 1178 idem
445 1135 516 1178 esse
539 1114 625 1200 quod
646 1117 682 1179 in
704 1114 740 1178 Il.
770 1118 799 1178 T
817 1137 849 1178 v.
874 1115 912 1178 17

982 1248 1302 1315 &Emma-

288 1353 421 1440 ,δεινὸν
443 1354 520 1422 sind
541 1357 760 1441 βλεφάρων
782 1354 862 1423 ὡσεί
885 1358 983 1434 σέλας
1006 1357 1228 1442 ἐξεφάανθεν.

221 1518 369 1602 Apparet
391 1519 478 1581 enim
505 1517 543 1581 id
562 1519 604 1582 ad
627 1516 736 1582 oeulos
758 1519 792 1581 in
813 1520 1002 1583 universum
1029 1521 1201 1605 pertinere.
1240 1524 1367 1585 κανθοί

221 1631 328 1690 autern
352 1649 429 1710 vox,
452 1649 535 1712 quae
549 1626 629 1690 alibi
644 1648 777 1713 prorsus
792 1627 878 1692 idem
894 1627 1163 1714 significat-quod
1178 1625 1363 1713 ὀφθαλμοί,
1395 1663 1396 1666 “

221 1734 386 1800 hocloco
409 1745 542 1823 propter
563 1736 762 1821 praecedens
785 1733 868 1802 ὅσσε
891 1735 1085 1803 vocabulum
1112 1739 1243 1825 proprio
1266 1760 1363 1804 sensu

220 1845 438 1930 intellegenda
461 1855 520 1911 est.

232 2027 238 2033 ,
305 1956 473 2021 Postrema
484 1979 598 2022 versus
611 1957 852 2022 Eratosthenici
862 1956 964 2022 verba
975 1966 1133 2044 spectant,
1147 1966 1185 2022 ut
1196 1958 1361 2043 Berghius

220 2064 365 2148 adnotat,
388 2065 431 2129 ad
453 2068 628 2152 proverbia
649 2067 706 2131 illa
721 2066 875 2150 Λήμνιον
895 2069 965 2151 πῦρ
989 2075 1022 2130 et
1037 2065 1189 2150 Λήμνιον
1210 2067 1359 2150 βλέπειν.

219 2175 430 2238 Manifestum
460 2174 513 2241 est'
531 2175 783 2242 Eratosthenem
811 2199 921 2241 eorum
948 2177 1106 2262 originem
1133 2198 1153 2240 a
1175 2177 1291 2242 Lemni
1313 2178 1376 2242 in·-¹

219 2283 309 2347 sulae
337 2292 445 2348 monte
466 2285 633 2370 ignivomo
656 2286 843 2352 deduxisse.
885 2285 1132 2372 Explicationes
1155 2287 1196 2352 ab
1219 2285 1282 2352 hac
1311 2288 1360 2352 di-

218 2415 333 2457 versae
356 2392 413 2457 sed
434 2404 546 2481 aperte
568 2396 697 2481 ineptae
718 2394 807 2483 apud
822 2397 1036 2480 posteriorum
1057 2405 1239 2483 temporum
1253 2418 1359 2481 gram·
1435 2459 1438 2466 ,

218 2503 353 2569 matioos
372 2504 602 2573 inveniuntur.
658 2503 765 2571 Schol.
797 2505 896 2572 Arist.
931 2506 1012 2592 Lyn.
1044 2506 1107 2570 299
1140 2505 1294 2590 Λήμνιον
1321 2503 1359 2571 ad

218 2616 299 2694 πῦρ,
322 2609 397 2676 ἀντὶ
419 2617 480 2677 τοῦ
502 2614 595 2679 πάνυ
615 2626 786 2699 γενναῖον.
830 2608 853 2698 ἦ
875 2611 941 2679 ἀπὸ
963 2619 1033 2679 νῦν
1054 2618 1218 2699 Λημνίων
1239 2639 1360 2698 γυναι-

218 2723 288 2786 κοῖν
314 2725 453 2807 πορνιῦν
484 2721 615 2805 οῦσῦν,
648 2720 670 2808 ή
698 2721 762 2789 ἀπὸ
793 2729 863 2788 τῶν
891 2727 1042 2808 καμίνων
1077 2729 1138 2789 τοῦ
1161 2721 1358 2806 Ἡφαίστου.

217 2831 370 2896 Eustath.
393 2831 435 2894 ad
457 2831 495 2897 ΙΙ.
523 2855 556 2916 p.
582 2834 652 2911 158,
679 2835 717 2897 13
745 2829 796 2907 οἱς
823 2833 864 2903 ot
889 2832 1070 2916 Λήμνιοι
1097 2829 1233 2914 ίιγριοι
1261 2833 1362 2917 δηλοῖ

218 2939 273 3003 καί
302 2945 462 3023 παροιμία
485 2944 640 3024 Λημνίαν
667 2951 761 3026 χεῖρα
791 2941 932 3006 εἰποῦσα
959 2940 1021 3024 τήν
1046 2939 1274 3026 ἀπαραίτητον
1301 2943 1358 3007 καί

218 3047 401 3133 Λήμνιον
422 3050 594 3130 βλέπειν
621 3048 697 3115 ιίντί
718 3055 780 3116 τοῦ
808 3050 923 3117 δεινὸν
950 3052 1006 3115 καὶ
1034 3052 1199 3141 πυρῶδες.
1245 3051 1355 3118 Tzetz.

217 3158 259 3222 ad
280 3158 361 3243 Lyo.
384 3157 445 3221 227
469 3164 630 3246 Ληκναίῳ
652 3165 749 3246 πυρίε
778 3159 845 3226 ἀπὸ
868 3160 1121 3246 κεραυνοβόλου
1148 3160 1295 3242 δένδρου
1318 3162 1357 3226 ἐν

211 3272 419 3358 Ἑλληνικαῖς
441 3271 563 3356 χαίροις
586 3271 625 3336 ἐν
639 3270 765 3356 Λήμνῳ
787 3270 928 3353 πρώτως
942 3268 1066 3354 εὑρέθη
1088 3271 1129 3336 τό
1149 3293 1186 3333 ιε
1207 3273 1279 3352 πῦρ
1301 3271 1357 3333 καί

216 3385 254 3448 αί
273 3381 484 3468 ὁκλουργίαι.
521 3380 748 3446 Eratosthenis
765 3382 959 3444 sententiam
973 3380 1161 3466 adoptatam
1177 3399 1250 3442 esse
1264 3379 1355 3443 vide·

215 3517 286 3560 mus
309 3494 397 3580 apud
418 3493 572 3559 Photium
594 3500 626 3556 et
649 3489 861 3578 Hesychium.
898 3487 992 3554 Phot.
1003 3489 1027 3574 ¹)
1050 3489 1235 3572 Λήμνιον
1257 3492 1353 3573 πῦρ·

216 3607 307 3669 ἔστιν
338 3599 494 3688 ἀναφοραὶ
529 3600 567 3665 ἐν
601 3597 727 3685 Λήμνῳ
758 3597 865 3682 πυρὰς
896 3597 1023 3683 χαλεπή
1050 3622 1110 3674 τις.
1166 3597 1356 3682 Λήμνιον

217 3711 351 3796 [κακὰν]
375 3715 555 3797 βλέπων·
580 3711 743 3795 πυρῶδες.
782 3709 861 3774 Hes.
883 3707 1070 3793 Λήμνιον
1091 3707 1247 3790 βλέπει·
1275 3709 1355 3792 (πυ-

216 3823 321 3906 ρῶδες
335 3822 409 3886 add.
425 3820 625 3886 Schmidtius
641 3843 684 3885 ex
698 3820 837 3906 append.
852 3841 942 3905 prov.
958 3818 1011 3882 III
1026 3818 1081 3903 66)
1101 3814 1217 3900 ἐπειδὴ
1232 3812 1270 3880 td
1285 3818 1355 3901 πῦρ

215 3931 378 4015 Λήμνιον.
429 3929 470 3993 Id
497 3952 576 3995 vero
604 3931 637 3994 in
671 3931 794 3996 incerto
821 3929 916 3994 nobis
947 3926 1211 4013 relinquendum,
1245 3936 1356 3992 utrum

214 4039 446 4104 Eratosthenes
469 4039 565 4103 doota
585 4047 731 4103 veterum
754 4049 924 4124 poetarum
941 4037 1122 4102 imitatione
1145 4059 1187 4100 an
1208 4037 1260 4100 sui
1274 4046 1353 4101 tem·

214 4150 301 4236 poris
327 4148 440 4213 habita
471 4150 596 4214 ratione
629 4137 800 4234 Mosychii'
823 4150 941 4213 montis
975 4147 1132 4234 ignivomi
1158 4148 1353 4212 mentionem

282 4424 307 4489 1)
326 4423 423 4475 Suidas
441 4439 467 4474 v.
485 4413 614 4489 Λήμνιον
631 4419 697 4490 πῦρ.
