3354 5076
705 284 915 337 Muucvrtlvs
1342 281 1381 347 13

241 449 325 514 anal.
353 450 449 515 Alex.
478 475 509 538 p.
539 451 580 514 99
601 453 688 537 sq.¹)
741 455 899 518 Attamen
927 475 967 518 ex
999 451 1059 516 hoc
1089 431 1221 518 inuento
1254 451 1289 515 id
1317 451 1380 516 col-

239 559 341 645 ligere
363 582 553 646 possumus,
582 561 833 626 Eratosthenem
855 563 890 627 in
913 585 1024 630 eorum
1046 584 1180 626 numero
1201 561 1304 626 fuisse
1326 563 1381 647 qui

241 669 415 754 φωριαμός
441 692 461 733 a
486 692 569 736 voce
597 671 673 757 φιάρ
700 694 806 758 neque
833 694 853 735 a
876 676 984 756 φάρος
1009 681 1066 756 aut
1093 673 1230 755 φόρημα
1252 671 1380 736 deriva-

240 790 323 845 rent.
370 780 574 846 Dubitabant
595 782 682 844 enim
707 783 913 866 grammatici
935 783 1070 862 Graeci,
1100 803 1184 868 quae
1206 780 1381 866 explicatio

240 890 455 976 praeferenda
487 898 583 954 esset.
631 889 741 977 Apoll.
771 890 834 954 lex.
864 890 960 954 Hom.
995 916 1026 977 p.
1057 892 1117 956 165
1151 901 1382 975 φωριαμοῐς

241 1003 403 1082 κιβωτοῖς.
442 995 459 1064 ὁ
482 999 545 1083 μέν
563 996 686 1064 Ἀπίων
703 1000 919 1084 ἐτυμολογῶν
941 997 1006 1064 άπό
1022 1005 1084 1064 τοῦ
1099 995 1185 1064 εἶναι
1208 1000 1247 1065 έν
1269 999 1382 1074 αὐτοῖς

240 1107 280 1174 τά
299 1109 537 1195 φορήματα,
566 1112 650 1175 ένιοι
677 1107 795 1186 δὲτὰς
824 1107 908 1194 πρὸς
937 1107 999 1193 τὴν
1026 1107 1092 1174 άπὸ
1115 1115 1184 1175 τῶν
1213 1112 1380 1193 φωρῶν,

240 1220 390 1284 τουτέστι
405 1223 570 1302 κλεπτῶν,
588 1217 747 1303 φυλακην
762 1220 1081 1303 κατεσκευασμένας.
1091 1221 1120 1305 ²)
1149 1221 1271 1285 Herod.
1290 1220 1380 1286 Pros.

240 1326 280 1394 Il.
303 1333 337 1392 42
359 1329 422 1393 228
452 1334 518 1393 εἴτε
540 1327 630 1413 παρά
660 1327 697 1394 τὸ
725 1328 804 1406 τοὺς
826 1334 965 1414 φώρας
987 1327 1161 1413 ἀπείργειν
1187 1327 1209 1414 ἦ
1230 1325 1297 1401 άπό
1319 1331 1381 1393 τοῦ

239 1436 279 1503 τά
303 1437 410 1521 φάρη
438 1437 628 1522 φυλάσσειν
656 1436 676 1523 ἡ
704 1440 907 1523 προκειμένη
935 1440 1021 1516 λέξις
1048 1444 1223 1523 παρῆκται.
1270 1439 1379 1523 Epim.

241 1547 337 1612 Hom.
362 1571 392 1634 p.
415 1549 510 1633 430³)
534 1553 760 1632 φωριαμῶν
782 1546 886 1634 ὄνομα
909 1547 1091 1631 άρσενικόν
1113 1546 1259 1614 ἁπλοῦν·
1289 1543 1380 1630 παρά

240 1655 277 1722 τὸ
301 1656 389 1741 φώρ
412 1653 431 1721 d
454 1661 609 1742 σημαίνει
630 1656 690 1723 τὸν
712 1657 875 1743 κλέπτην,
905 1659 978 1725 έπελ
1004 1656 1088 1740 πρὸς
1114 1656 1272 1742 φυλακην
1299 1656 1380 1722 τού-
1466 1649 1470 1672 ⁸

240 1791 309 1832 των
331 1767 610 1833 κατεσκεύασται·
641 1765 662 1852 ἢ
684 1766 775 1851 παρά
798 1767 836 1832 τὸ
857 1766 897 1833 τά
918 1771 1027 1853 φάρη
1050 1771 1156 1852 ἔχειν,
1180 1766 1199 1833 ὃ
1221 1769 1277 1833 καὶ
1299 1769 1379 1850 βέλ-

239 1901 328 1960 τιον,
357 1875 528 1942 ἀντιθέσει
555 1883 616 1942 τοῦ
645 1903 665 1942 α
689 1878 736 1953 εἰς
757 1901 799 1960 ω,
824 1867 876 1955 ὡς
904 1879 942 1942 έν
969 1883 1015 1963 τῷ
1037 1884 1144 1953 θάκος
1170 1882 1284 1953 &maog
1306 1881 1378 1942 κτλ.

241 1993 307 2052 εἴτε
328 1987 384 2052 καλ
407 1985 497 2069 παρά
520 1983 600 2062 τούς
622 1987 738 2082 φῶρας
761 1993 827 2053 ελτε
849 1987 939 2070 παρά
962 1986 1000 2052 τό
1023 1993 1147 2071 φάρος,
1175 1985 1213 2052 τὸ
1236 1984 1381 2051 άκόλον-

239 2063 306 2161 osb
328 2097 512 2180 φωριαμός.
521 2099 547 2183 ⁴)
585 2084 794 2181 Apollonium
812 2098 977 2162 Rhodium
1000 2120 1019 2161 a
1041 2102 1150 2182 φάρος
1171 2119 1286 2162 vocem
1308 2119 1379 2179 φω-

241 2208 359 2291 ριαμός
381 2230 446 2271 non
468 2206 662 2288 deduxisse,
690 2207 882 2273 documento
910 2216 959 2270 est
985 2207 1072 2292 quod
1100 2207 1147 2271 ita
1175 2204 1354 2271 arculam'
1346 2229 1380 2268 1n

241 2340 305 2403 qua
331 2319 524 2400 φάρμακα
542 2323 627 2380 'sunt
655 2315 798 2402 appellat
828 2316 895 2400 (III
918 2317 991 2382 802.
1014 2317 1087 2381 808.
1115 2317 1164 2380 IV
1186 2317 1254 2397 25).
1298 2315 1380 2380 Gre-

239 2428 323 2512 gorii
353 2427 512 2491 Corinthii
544 2425 590 2513 (p.
619 2426 696 2512 42].)
731 2437 763 2490 et
789 2426 956 2524 Eustathii
989 2426 1047 2512 (ad
1075 2426 1115 2490 Il.
1142 2451 1175 2513 p.
1206 2427 1302 2508 1347,
1328 2426 1380 2507 10)

239 2539 381 2624 ineptias
403 2537 525 2600 referre
547 2557 566 2599 a
588 2537 755 2621 proposito
777 2558 849 2601 meo
872 2537 1034 2602 abhorret.

789 2723 821 2787 V

239 2935 241 2938 Ι
324 2850 434 2936 steph.
458 2849 541 2936 Byz.
564 2873 595 2934 p.
621 2850 681 2915 105
702 2850 803 2915 Mein.
826 2852 1035 2933 λέγεταικαὶ
1058 2841 1152 2925 Ἆπις
1179 2847 1297 2936 (Ἀπίς
1318 2872 1378 2914 em.

239 2960 439 3044 Meinekius)
454 2959 618 3042 θηλυκόν,
635 2951 674 3043 ἧς
688 2957 708 3044 ἡ
724 2959 840 3045 γενικὴ
847 2958 986 3037 ’Ἄπιδος
997 2959 1140 3045 (Ἀπίδος
1151 2985 1213 3026 em.
1225 2963 1322 3026 Mein.
1330 2963 1379 3046 5)).

240 3066 339 3134 οὕτω
361 3067 432 3152 τὴν
454 3067 875 3154 χάρανἘρατοσθένης
896 3069 1063 3156 ένἘρμη)
1080 3053 1378 3154 προσαγορεύει.

323 3180 425 3243 'l'erra
459 3201 556 3263 quam
583 3179 816 3266 Eratosthenes
851 3182 898 3244 ita
931 3180 1110 3267 appellavit
1136 3179 1378 3264 Peloponnesus

240 3300 300 3372 est,
323 3289 358 3352 id
381 3286 468 3374 quod
491 3300 627 3374 apparet
655 3313 697 3353 ex
724 3288 860 3354 Theocr.
883 3291 936 3372 ⁶25,
954 3291 1014 3355 183
1038 3300 1070 3354 et
1091 3290 1200 3376 Apoll.
1224 3291 1305 3374 Arg.
1329 3289 1379 3352 IV

244 3399 356 3484 15646)
380 3399 438 3462 ubi
461 3398 502 3462 de
525 3399 760 3484 significatione
775 3400 916 3464 nominis
932 3399 1077 3465 dubitari
1091 3399 1214 3485 nequit.
1247 3400 1378 3463 Priores

239 3508 496 3592 Peloponnesum
516 3507 633 3572 Ἀπίαν
655 3509 819 3592 dicebant,
842 3509 944 3574 veluti
968 3508 1150 3593 Aeschylus
1174 3507 1287 3594 Suppl.
1304 3509 1378 3572 247.

307 3708 332 3771 1)
307 3707 394 3756 lDe
413 3707 586 3770 etymologiis
605 3723 671 3772 quas
689 3707 898 3758 Callimachus'
890 3724 919 3757 111
937 3707 1103 3758 carminibus
1120 3707 1225 3772 profert
1243 3721 1267 3756 r.
1285 3706 1378 3755 Naeko

240 3791 329 3840 opusc.
350 3777 422 3839 Ilp
443 3777 483 3828 69.
509 3774 624 3838 Dilthey
642 3775 674 3824 de
694 3775 762 3829 Call.
782 3776 882 3841 Cydp
886 3777 942 3828 38
954 3792 1010 3840 sqq
1083 3775 1214 3837 2)Varro
1234 3775 1265 3822 de
1282 3771 1378 3838 hngua

239 3845 301 3893 Lat
314 3842 339 3891 V
353 3845 401 3893 128
419 3855 499 3892 arca
517 3840 590 3906 qaod
602 3841 731 3893 arcebant
720 3846 767 3893 τινι
777 3841 854 3905 fares
865 3794 900 3894 ab
913 3857 944 3891 ca
956 3841 1059 3892 ολααεα.
1112 3842 1139 3906 3)
1157 3843 1202 3890 Et
1215 3857 1248 3889 m.
1264 3841 1322 3904 804,
1338 3843 1377 3890 11.

239 3911 284 3960 Et
305 3910 372 3960 Gud.
385 3912 444 3970 559,
462 3913 486 3959 9.
554 3910 581 3973 4)
600 3910 775 3976 Etymologia
793 3911 844 3960 hoc
861 3911 923 3961 loco
941 3909 1044 3976 praelat
1046 3927 1062 3960 a
1034 3908 1139 3960 tsola
1158 3878 1379 3959 commemoretur

239 3979 274 4028 ab
291 3946 472 4028 Herodiand'
464 3993 493 4026 1n
511 3977 556 4026 Et.
569 3994 603 4026 m.
622 3980 680 4040 570,
692 3981 726 4027 44
744 3977 800 4043 (Et.
815 3977 882 4032 Gud
896 3995 921 4044 p.
935 3981 993 4039 375,
1005 3981 1045 4030 32.
1058 3979 1116 4038 577,
1130 3973 1209 4040 33),
1202 3993 1230 4024 rn
1243 3975 1326 4026 schol
1344 3976 1378 4030 ΙΙ,

238 4047 336 4107 Β242,
355 4045 427 4111 apud
445 4045 491 4098 Or.
509 4062 535 4110 p
556 4046 876 4109 162‚16.Neglcgenter
898 4015 1016 4096 Zonaras
1039 4044 1153 4093 alteram
1174 4045 1377 4108 interpretatio·

239 4130 298 4162 nem
315 4114 471 4164 Herodiano
491 4113 631 4178 adscribit,
650 4112 701 4162 lex.
721 4130 747 4178 p.
767 4115 841 4165 1834.
937 4112 963 4177 5)
983 4112 1113 4162 Idemt
1071 4113 1113 4162 vit
1115 4113 1171 4162 ium
1189 4127 1221 4161 ex
1239 4112 1377 4160 Nicandro

240 4181 351 4231 sustulit
369 4180 550 4231 Schneiderus
566 4181 626 4230 Nic
645 4197 670 4245 p
690 4183 713 4234 3.
816 4180 843 4244 6)
862 4180 1014 4230 Genuinam
1037 4181 1117 4231 huius
1141 4177 1193 4229 loci
1215 4179 1377 4258 scripturam

239 4249 403 4300 scholiastae
420 4248 558 4310 debemus3
579 4248 623 4297 sed
640 4249 759 4314 inepte'
751 4265 775 4299 rs
794 4248 913 4313 explicat
927 4239 1002 4307 Ἀπλς
1018 4245 1104 4314 νῆσος
1116 4242 1235 4316 κειμένη
1254 4238 1307 4314 πρὸ
1327 4247 1377 4314 τῆς

237 4310 364 4386 Κρήτηςι
383 4317 415 4372 cf
434 4333 472 4368 vs.
493 4285 658 4368 15781577.
