3354 5076
331 304 372 370 33
779 299 1007 363 ‹nuaovmvs

331 494 396 536 non
418 467 612 555 ἡμερόφων’
641 468 694 536 vel
722 465 910 552 ἱμερόφων’
934 462 1101 549 ἀλέκτωρ,
1130 465 1189 530 sed
1211 444 1373 550 ίερίφων’
1397 462 1473 531 ἀλέ-

332 603 421 663 πτωρ
429 628 439 664 ,
463 579 594 666 Sappho
623 579 724 664 (apud
747 576 846 643 schol.
871 575 969 663 Soph.
993 574 1053 664 El„
1071 576 1145 661 149)
1175 598 1241 639 non
1263 575 1475 660 ίμερόφωνος

332 691 390 755 sed
420 689 607 772 ίερόφωνος
634 685 748 772 ἀηδών
776 685 902 751 dixisse
929 684 1117 749 arbitratur.
1173 683 1213 748 In
1245 685 1373 749 duobus
1399 684 1474 750 aliie

332 799 412 864 locis
435 797 616 877 tractandis
639 798 752 862 variae
773 793 923 860 lectionis
939 796 1127 860 testimonia
1141 796 1175 858 in
1193 794 1352 859 auxilium
1366 805 1474 861 vocat.

333 908 471 974 Photius
495 909 581 972 enim
603 909 638 970 in
660 906 767 974 lexico
789 927 854 970 non
875 901 1086 990 ἠεροφώνων
1115 902 1169 988 (Il.
1193 908 1226 968 Σ
1244 903 1322 988 505)
1349 913 1386 970 ut
1401 886 1474 970 lle-

334 1019 475 1104 sychiuS‚
500 1017 559 1082 sed
582 1014 781 1101 ίεροφώνων
803 1014 954 1098 exhibet,
982 1025 1015 1080 et
1039 1014 1073 1079 in
1095 1013 1263 1079 Alcmanis
1285 1013 1396 1078 verbis
1421 1013 1476 1078 ἐπὶ

335 1127 366 1192 δ’
402 1127 546 1212 ἵμερον
580 1124 691 1212 ὕμνῳ
724 1124 780 1189 καί
807 1125 964 1208 χαρίεντα
992 1126 1081 1188 τίθει
1109 1122 1211 1206 χορόν
1241 1122 1344 1211 (apud
1366 1122 1474 1210 Heph.

334 1261 366 1323 p.
388 1236 431 1300 24
459 1237 622 1321 Westph.)
638 1234 815 1300 Maximus
843 1232 1007 1297 Planudes
1035 1233 1206 1298 lectionem
1240 1222 1335 1316 ἱερὸν
1365 1229 1476 1316 ὕμνον

331 1345 471 1434 praebet
494 1346 593 1430 (rhet.
617 1343 676 1410 Gr.
700 1343 750 1408 ed.
775 1341 872 1408 Walz
895 1343 979 1429 Vp,
1001 1343 1088 1428 510).
1133 1342 1198 1408 Sed
1220 1365 1261 1406 ne
1284 1364 1322 1406 ea
1344 1343 1475 1428 quidem

334 1458 418 1522 tanti
440 1455 595 1522 momenti
617 1475 688 1518 esse
710 1461 745 1517 ut
767 1451 949 1516 inauditum
972 1450 1062 1516 istud
1078 1452 1167 1537 ίερός
1181 1451 1377 1518 vocabulum
1399 1453 1476 1516 inde

333 1566 506 1630 restituere
533 1565 630 1629 liceat
656 1586 750 1628 nemo
778 1561 1016 1646 infitiabitur.¹)
1061 1563 1178 1626 Restat
1205 1584 1320 1626 versus
1349 1564 1405 1648 qui
1429 1572 1478 1627 est

335 1676 370 1738 in
391 1674 560 1740 Alcmanis
582 1672 765 1756 fragmento
789 1671 939 1736 Parisino
956 1694 988 1756 p.
1008 1675 1035 1753 1,
1050 1672 1090 1736 21
1113 1671 1171 1736 ubi
1193 1672 1228 1735 in
1249 1695 1375 1759 papyro
1397 1672 1477 1737 haec

335 1792 467 1848 servata
487 1783 646 1848 habemus
1192 1779 1194 1784 ’

639 1931 706 1984 ιτες
727 1905 765 1972 δέ
787 1904 872 1984 Διὸς
893 1907 1028 1992 ὃ(οᾞμον

637 2041 680 2100 ην
693 2051 700 2066 ·
713 2015 946 2102 ερονλεφιίροι.

335 2155 442 2220 Locus
475 2152 687 2218 difficillimus
721 2162 785 2217 eet:
822 2154 931 2216 nescio
966 2174 1008 2216 an
1047 2152 1185 2217 Alcman
1218 2154 1477 2238 διερονλεφιίροι

336 2264 504 2348 scripserit
525 2263 639 2326 eodem
662 2283 761 2325 sensu
782 2283 877 2347 quem
893 2262 1073 2326 Ahrensius
1096 2264 1131 2326 in
1148 2262 1307 2328 vocabulo
1330 2287 1350 2328 a
1373 2287 1408 2328 se
1429 2265 1477 2327 in-

336 2382 436 2438 vento
459 2370 724 2456 (ίεροηλεφοίροι)
747 2371 856 2436 inesse
876 2369 993 2456 vult.²)

876 2572 940 2637 XV

421 2699 512 2763 Theo
536 2697 732 2784 Smyrnaeus'
754 2707 929 2784 postquam
956 2697 1181 2763 Alexandri
1208 2701 1378 2786 Ephesii
1405 2725 1476 2766 ver-

339 2832 392 2873 sus
416 2808 457 2873 de
479 2806 593 2872 ordine
615 2816 648 2871 et
669 2809 880 2874 consonantia
900 2809 1105 2894 planetarum
1128 2811 1281 2876 tractavit
1303 2812 1350 2876 ita
1371 2812 1478 2898 pergit

299 2909 307 2915 ”
341 2918 395 3000 (de
416 2927 495 2982 astr.
519 2941 551 3003 p.
578 2917 667 3001 192):

420 3023 661 3107 Ἐρατοσθένης
694 3024 732 3090 δὲ
759 3025 821 3109 τὴν
848 3027 911 3110 μὲν
939 3024 994 3091 διὰ
1025 3031 1083 3111 τῆς
1113 3033 1221 3112 φορᾶς
1247 3033 1317 3093 τών
1344 3027 1478 3112 ἄστρων

337 3135 520 3219 γινομένην
547 3130 713 3216 ἁρμονίαν
740 3137 980 3219 παραπλησίως
1008 3137 1238 3216 ἐνδείκνυται·
1274 3135 1335 3222 την
1364 3140 1478 3222 μέντοι

338 3245 432 3322 τάξιν
459 3247 529 3308 τών
551 3243 782 3325 πλανωμένων
803 3242 845 3308 οὐ
872 3242 934 3328 τὴν
957 3243 1081 3330 αὐτήν,
1110 3243 1196 3310 ἀλλὰ
1222 3244 1305 3330 μετὰ
1333 3248 1479 3332 σελήνην

337 3351 423 3437 ὑπὲρ
444 3357 506 3436 γῆς
528 3351 689 3435 δεύτερόν
712 3370 794 3437 φησι
818 3353 982 3437 φέρεσθαι
1004 3357 1065 3421 τὸν
1086 3353 1196 3440 ἥλιον.
1242 3356 1325 3440 φησί
1346 3355 1411 3441 γὰρ
1434 3354 1480 3433 ώς

332 3460 452 3545 Ἑρμῆς
479 3463 550 3526 ἔστι
577 3462 641 3546 (ἔτι
664 3485 726 3526 em.
748 3463 923 3548 Martinus)
952 3465 1044 3548 νέος,
1074 3465 1302 3550 ἐργασάμενος
1329 3463 1391 3550 την
1416 3466 1475 3531 λύ-

338 3571 453 3656 ρανῧ),
477 3571 589 3634 ἔπειτα
612 3574 745 3654 πρώτος
767 3572 920 3654 (πρώτως
941 3597 1000 3639 em.
1022 3575 1197 3657 Martinus)
1222 3576 1269 3651 είς
1290 3572 1351 3639 τόν
1373 3573 1477 3660 οὐρα-

337 3674 400 3744 νὸν
422 3675 528 3744 ἀνιών
555 3679 611 3743 καὶ
637 3684 857 3764 παραμείβων
884 3681 924 3748 τὰ
953 3673 1147 3748 πλανᾶσθαι
1179 3682 1361 3769 λεγόμενα,
1389 3693 1478 3750 θαυ-

336 3789 455 3872 μάσοιε
479 3791 554 3872 (scr.
576 3788 769 3876 θαυμάσας)
791 3787 854 3874 την
876 3788 932 3858 διὰ
953 3793 1016 3876 την
1040 3767 1151 3878 ῥώμην
1165 3799 1224 3878 τῆς
1239 3797 1348 3879 φορᾶς
1364 3791 1478 3860 αὐτών

376 4035 383 4054 Ι
406 3977 430 4042 1)
450 3978 521 4040 Quid
539 3979 627 4028 vetuit
645 3980 835 4044 grammaticos
853 3971 1064 4046 ἠεροφώνων
1081 3982 1255 4048 interpretari
1272 3998 1339 4035 voee
1357 3985 1478 4050 μεγαλο-

338 4061 455 4124 pavea!
468 4046 495 4094 id
514 4045 587 4110 quod
601 4046 706 4125 tfactum
723 4046 845 4126 videmus
863 4048 935 4113 apud
953 4047 1135 4111 Hesychium?
1170 4050 1203 4101 V.
1222 4051 1309 4104 schol.
1331 4053 1364 4102 ΙΙ.
1384 4051 1413 4100 Σ
1428 4052 1478 4101 505

338 4127 512 4190 ηεροφμνων
532 4109 573 4172 δέ,
593 4131 633 4193 top
650 4131 668 4192 η
687 4129 769 4178 φωνη
788 4111 869 4180 μέχρι
882 4115 933 4166 τοῦ
946 4110 1095 4182 ἐμφανοῦς
1114 4111 1247 4170 [πνεῖται.
1283 4115 1334 4168 καί
1352 4110 1383 4168 έν
1402 4111 1477 4182 ἄλλῳ

338 4195 442 4246 ,,φωνη
462 4175 495 4230 δέ
515 4174 544 4231 ol
561 4175 648 4244 αἰθερ
662 4235 665 4238 ,
679 4179 795 4232 ἴνανε.“
877 4182 903 4245 2)
924 4183 966 4234 Of.
979 4185 1047 4234 Luc.
1068 4185 1180 4249 Lexiph.
1199 4186 1216 4233 4
1235 4174 1334 4248 decede
1352 4179 1477 4250 βλέπειν.

405 4249 431 4308 3)
449 4247 491 4296 De
509 4245 569 4312 lyra
581 4262 598 4296 a
609 4247 742 4299 Mercurio
754 4249 865 4300 inventa
878 4251 912 4302 cf.
924 4250 1077 4304 Volkmann
1088 4252 1161 4302 Plut.
1175 4251 1207 4302 de
1218 4252 1321 4300 musica
1339 4267 1365 4316 p.
1381 4253 1430 4302 154
1437 4268 1476 4318 sq.

337 4312 430 4377 Vnger
448 4313 531 4365 Theb.
550 4313 646 4366 Parad.
664 4331 690 4380 p.
709 4319 741 4367 32
755 4331 813 4382 sqq.
