3354 5076
664 371 873 424 nneovervs
1299 371 1336 433 31

196 539 358 604 berrimus
374 548 472 620 esset,
492 539 536 618 ab
553 536 735 625 etymologo
753 539 805 602 vel
820 537 1008 602 Herodiano
1024 548 1140 603 testem
1155 539 1339 604 adhibitum

195 649 294 713 esse?
330 647 571 735 Nonnunquam
594 657 703 713 autem
725 649 930 733 grammatici
946 647 1063 712 Graeci
1079 651 1168 714 vocis
1192 651 1340 735 quamvis

195 781 297 844 saepe
320 759 518 824 occurrentis
542 781 641 823 unum
669 768 797 823 tantum
822 755 1043 822 testimonium
1072 741 1257 845 proferunt:
1287 782 1341 822 ve·
1431 751 1433 755 ’

194 866 258 932 luti
287 857 496 933 Herodianus
524 877 657 954 propter
689 871 781 950 κωλῆ
813 868 1008 933 vocabulum
1037 871 1207 955 Amipsiae
1235 868 1342 934 locum

195 977 346 1062 (Monad.
369 1001 402 1064 p.
425 979 461 1061 6,
484 978 556 1060 26),
584 987 717 1064 propter
739 978 873 1052 Ξοῦθος
899 1001 1016 1041 nomen
1045 1000 1173 1044 versum
1203 978 1341 1042 Hesiodi

194 1087 276 1151 citat
299 1088 344 1174 (p.
366 1088 420 1170 42,
443 1088 488 1172 8).
1318 1154 1319 1157 ,

282 1197 436 1262 Ceterum
459 1198 518 1262 hoc
541 1197 639 1280 addo,
662 1199 696 1260 in
720 1197 889 1263 tractando
905 1208 1106 1284 pentametro
1129 1223 1202 1264 curn
1225 1199 1339 1263 tunda-

194 1316 342 1371 mentum
368 1307 464 1373 unice
492 1315 616 1372 certum
644 1307 738 1372 nobis
767 1308 922 1394 praebeat
950 1308 1161 1394 Alciphronis
1190 1310 1340 1389 imitatio,

194 1439 330 1482 versum
361 1419 544 1482 necessario
577 1416 623 1480 ad·
653 1417 818 1482 Gratias
853 1439 924 1482 esse
955 1418 1174 1482 referendum.
1224 1419 1341 1504 Itaque

193 1549 254 1614 pro
277 1526 379 1592 nihilo
406 1527 607 1591 aestimanda
635 1536 684 1591 est
711 1527 899 1591 l'utilissima
926 1523 1073 1614 Hecqui
1101 1530 1209 1614 opinio
1238 1533 1336 1609 (com-

194 1645 297 1701 ment.
326 1639 398 1701 crit.
422 1638 462 1700 de
488 1638 576 1701 anth.
601 1637 660 1702 Gr.
687 1638 767 1701 1843
790 1661 821 1723 p.
847 1636 907 1700 179
918 1639 992 1724 sq),
1016 1639 1071 1722 qui
1094 1659 1224 1701 versum
1246 1659 1340 1722 argu·

195 1749 396 1814 mentatione
419 1769 552 1834 prorsus
568 1746 707 1811 ridicula
722 1748 863 1832 primum
879 1746 962 1811 falso
978 1747 1020 1810 ad
1035 1748 1169 1812 Musas
1193 1757 1341 1834 spectare

195 1867 325 1941 censet,
349 1869 416 1922 tum
440 1857 523 1920 hanc
545 1844 650 1942 ipsam
673 1859 715 1922 ob
738 1879 870 1921 causam
894 1879 935 1920 ex
958 1857 1148 1922 Callimachi
1171 1861 1340 1923 Aeliorum

195 1968 300 2047 initio,
324 1967 381 2031 ubi
403 1966 444 2030 de
467 1967 572 2031 Musis
595 1988 701 2030 sermo
725 1967 802 2049 l'uit,
832 1967 955 2031 dictum
979 1990 1049 2031 esse
1072 1971 1201 2048 statuit,
1226 1968 1339 2032 addito

196 2078 296 2140 etiam
312 2077 372 2141 hoe
387 2087 589 2165 argumento,
607 2075 693 2159 quod
709 2075 790 2140 alibi
805 2099 933 2163 quoque
949 2078 1106 2163 Alciphro
1122 2077 1341 2142 Callimaehea

196 2187 441 2272 expresserit.¹)
485 2186 598 2272 Neque
621 2186 774 2272 cuiquam
797 2187 919 2271 Vngeri
941 2190 1073 2253 inventa
1099 2187 1243 2252 arridere
1266 2210 1338 2252 cen-

196 2319 261 2380 seo,
285 2299 341 2381 qui
364 2307 472 2382 spreto
500 2298 625 2381 egregii
655 2297 776 2360 codicis
801 2295 853 2361 Vb
876 2299 1059 2362 testimonio
1087 2297 1257 2362 lectionem
1283 2321 1339 2360 an·
1405 2277 1407 2284 ,

195 2415 248 2469 tea
272 2405 438 2490 vulgatam
461 2406 600 2489 κρήναις
622 2407 849 2487 revocandam,
873 2407 992 2472 deinde
1014 2409 1161 2492 ἔδραμον
1184 2410 1216 2472 in
1240 2410 1339 2492 ἕδρα-

198 2539 259 2580 κον
275 2515 478 2598 mutandum,
491 2527 654 2602 postremo
671 2539 800 2580 versum
818 2519 858 2580 ad
872 2518 1030 2604 nymphas
1047 2540 1130 2604 quae
1141 2519 1340 2583 Actaeonem

197 2628 428 2712 conspexerint
441 2628 612 2712 pertinere
635 2628 824 2692 arbitratur.

728 2830 811 2895 XlV

283 2956 361 3020 Ath.
386 2955 453 3019 Vll
476 2979 507 3042 p.
524 2957 634 3021 2841)
659 2954 713 3020 καί
733 2955 1029 3040 Ἐρατοσθένης’ὁ’
1054 2960 1091 3023 ἐν
1108 2955 1211 3042 Ἑρμῇ
1234 2977 1339 3042 φησιν

283 3089 410 3174 ἄγρης
432 3102 582 3174 μοῖραν
604 3095 789 3173 ἔλειπον,
813 3095 872 3158 ἔτι
895 3094 1072 3171 ζώοντας
1095 3093 1299 3176 ίούλονςῖ)

282 3199 324 3282 ἠὲ
348 3199 560 3284 γενειῆτιν
581 3204 791 3287 spatam)
815 3200 836 3284 ἢ
859 3203 1043 3284 περκάδα
1066 3201 1213 3286 ’κίχλην

283 3308 303 3392 ἢ
326 3311 502 3394 δρομίην
524 3313 723 3394 χρύσειον
747 3314 792 3376 ἐν
815 3310 997 3396 ὀφρύσιν
1020 3310 1134 3395 ίερόν
1158 3313 1294 3395 ἰχθύν.

283 3443 368 3508 Plut.
386 3445 427 3509 de
443 3447 512 3509 soll.
528 3448 626 3512 anim.
644 3472 675 3534 p.
693 3450 752 3512 981
770 3449 802 3512 D
822 3441 1065 3530 Ἐρατοσθένης
1079 3449 1115 3512 ot
1132 3448 1192 3512 τὸν
1214 3449 1338 3531 χρύσο-

197 3577 291 3638 φρυν
314 3557 424 3619 ἔοικεν
446 3559 502 3637 (sc.
527 3562 661 3621 οἴεσθαι
683 3559 743 3622 τόν
767 3558 889 3642 ίιρόν)’

284 3687 510 3776 εὐδρομίην
533 3693 809 3774 χρύσειονέιτ’
834 3690 1048 3778 oppetam)
1067 3693 1180 3774 ίερόν
1201 3695 1335 3776 ἰχθύν.

266 3927 292 3996 l)
311 3931 512 3996 Argumenta
531 3933 648 3983 Heekeri
666 3935 808 3998 impugno:
828 3950 890 3984 nam
910 3951 1015 3984 versum
1035 3934 1106 3984 sicut
1125 3932 1223 3983 multos
1242 3939 1336 3998 poento·

199 4003 300 4048 metros
323 4001 412 4048 tacito
436 4003 554 4050 torretoris
577 4003 686 4050 nomine
708 4002 807 4052 citatos
831 4003 948 4053 sortasse
967 4002 1125 4052 Callimachi
1147 4015 1205 4050 esse
1228 4003 1337 4052 minime

198 4067 362 4130 negaverim.
432 4067 459 4130 2)
478 4069 520 4118 De
539 4084 605 4118 voce
625 4067 720 4128 ίονλος
738 4070 840 4134 piscem
860 4066 975 4121 ίοολίιλα
995 4068 1168 4134 significante
1188 4068 1220 4118 cf.
1240 4069 1337 4135 Synes.

197 4135 277 4198 epist.
295 4137 311 4182 4
329 4151 353 4200 p.
376 4135 431 4187 toa.
467 4135 546 4200 Apud
564 4136 684 4185 Plinium
701 4146 757 4185 irat.
776 4137 840 4189 hist.
860 4137 965 4188 XXXII
983 4139 998 4197 ἓ
1017 4139 1073 4198 152,
1092 4136 1140 4184 ubi
1155 4137 1271 4200 piscium
1290 4153 1337 4186 no-

198 4203 271 4250 mina
289 4203 322 4251 ab
341 4201 440 4252 Ovidio
464 4206 552 4267 posita
576 4210 780 4267 enumerantur,
803 4205 834 4254 de
857 4206 919 4254 iuli
941 4205 1048 4254 nomine
1071 4210 1184 4270 propter
1206 4206 1338 4254 incertam

198 4269 359 4333 scripturam
377 4269 461 4318 dubio
479 4287 523 4322 res
543 4279 592 4321 est.
671 4273 698 4329 3)
720 4272 847 4337 Τρίγλαν
865 4271 996 4335 γενεᾶτιν
1014 4273 1120 4321 dixerat
1138 4271 1242 4335 Sophro
1261 4287 1336 4337 quem

198 4337 266 4385 citat
284 4338 346 4386 Ath.
366 4337 418 4387 Vll
436 4353 461 4401 p.
481 4341 530 4388 324
547 4337 578 4391 F.
673 4341 700 4402 4)
720 4339 905 4390 alteratione
925 4333 971 4390 ἐπ’
991 4335 1095 4405 ὀφρύσι
1114 4346 1276 4405 usurpatum
1296 4345 1337 4390 est

199 4404 270 4469 apud
287 4404 400 4454 Theoer.
418 4407 460 4468 ⁶20,
478 4408 519 4455 24.
