3324 5074
735 1226 1030 1303 ANTERINYS

849 1444 919 1507 XX

397 1527 557 1639 Chocrob.
587 1575 621 1637 in
649 1571 774 1636 Theod.
803 1595 834 1655 p.
865 1571 921 1653 81,
944 1571 984 1634 27
1014 1569 1127 1646 Γανυξ
1156 1570 1310 1646 Γανυκος
1339 1567 1357 1634 ὁ
1385 1572 1453 1633 Γα-

313 1682 447 1767 νακτωρ
469 1680 560 1767 καροὶ
582 1687 628 1766 τῷ
647 1679 891 1765 Ἐρατοσθένει.

398 1791 439 1855 In
460 1790 629 1856 tractando
652 1789 713 1856 hoc
736 1791 807 1854 loco
823 1789 938 1854 uanos
961 1811 1086 1855 errores
1109 1791 1337 1855 commiserunt
1354 1791 1453 1862 Bern-

289 1901 473 1988 'hardyus,
501 1902 651 1985 Giesius,
680 1900 842 1964 Osannus.
867 1885 869 1887 ¹
892 1896 1023 1963 Giesius
1056 1899 1234 1983 γανάκτωρ
1267 1900 1355 1963 idem
1383 1921 1454 1963 esse

313 2019 409 2095 atque
437 2011 615 2095 λανοέκτωρ
644 2011 770 2073 censuit
798 2009 893 2092 (iiber
920 2007 984 2072 den
1013 2009 1075 2073 dol.
1098 2009 1185 2074 Dial.
1212 2032 1244 2096 p.
1270 2009 1360 2092 190),
1390 2031 1453 2073 non

312 2129 468 2206 reputans
490 2119 671 2184 inauditam
694 2119 831 2183 formam
847 2117 1012 2182 Aeolicam
1032 2140 1052 2181 a
1072 2121 1285 2202 grammatico
1306 2117 1453 2182 adalind

313 2230 509 2295 vocabulum
531 2229 811 2315 interpretandum
833 2227 982 2292 adhiberi
1003 2250 1069 2292 non
1092 2229 1246 2313 potuisse.
1293 2228 1453 2291 Bernhar-

313 2338 398 2425 dyus
426 2340 608 2404 certissima
636 2339 768 2424 quidem
798 2333 1024 2403 emendatione
1052 2337 1269 2419 Γανύκτωρ
1298 2359 1356 2423 pro
1384 2339 1454 2400 Γα-

313 2449 447 2532 νακτωρ
462 2449 595 2534 scripsit
611 2449 658 2534 (p.
676 2449 824 2532 154);at
790 2456 934 2512 attamen
949 2448 1097 2532 neglecto
1120 2469 1179 2511 suo
1194 2448 1297 2532 ipsius
1319 2447 1452 2511 invento

312 2566 417 2622 totum
445 2557 607 2621 locumt
581 2565 628 2620 ita
655 2558 852 2621 constituere
880 2578 979 2621 ausus
1007 2564 1070 2620 est:
1104 2555 1211 2637 γάννξ
1238 2555 1405 2638 γάνυκτος
1434 2553 1453 2619 ὀ

312 2666 507 2743 Διώνυσος·
538 2704 576 2712 -
605 2665 799 2750 Διωνύσοιο
826 2665 995 2748 γάννκτος
1021 2664 1112 2746 καριὶ
1140 2667 1186 2750 τῷ
1209 2661 1452 2746 Ἐρατοσθένει.

313 2776 448 2840 Censuit
472 2778 557 2841 enim
578 2775 772 2840 vocabulum
795 2776 902 2857 γάνυξ
925 2775 1027 2861 (quod
1041 2772 1164 2839 Bocchi
1179 2797 1360 2858 cognomen
1381 2797 1453 2840 esse

313 2907 503 2970 persuasum
526 2885 682 2970 habebat)
706 2885 915 2950 insolentiore
938 2893 969 2948 et
991 2886 1095 2970 magis
1118 2887 1215 2949 etiam
1238 2864 1363 2971 poetico
1386 2909 1452 2968 γα-

313 2993 476 3076 νύκτιορ
504 3018 569 3060 non
591 2995 737 3080 potuisse
764 2995 964 3079 explicari.¹)
1009 2995 1075 3058 Sed
1097 3004 1133 3059 ut
1156 2994 1209 3059 hic
1230 2997 1277 3059 ita
1299 2997 1396 3059 etiam
1419 2997 1453 3058 in

313 3123 350 3166 eo
365 3101 469 3166 falsus
486 3113 535 3167 est
550 3105 636 3189 quod
652 3106 839 3188 genetivum
853 3103 1138 3185 ydvvxcoetuisse
1152 3105 1291 3188 putavit.
1329 3104 1466 3168 Herod.

313 3211 354 3274 de
370 3212 472 3276 dichr.
490 3235 520 3298 p.
536 3212 599 3276 285
611 3234 659 3298 sq.
684 3213 719 3275 ελ
738 3211 881 3296 μέντοι
904 3212 970 3276 διὰ
992 3216 1065 3276 τοῦ
1084 3209 1139 3296 κὴ
1163 3215 1296 3289 κλίσις
1316 3209 1450 3297 dunip-

312 3344 393 3402 χοι,
416 3326 463 3406 ny}
485 3328 548 3405 μὲν
571 3322 733 3405 φυλάττει
754 3321 792 3385 τό
814 3345 836 3385 υ
859 3322 1142 3404 συνεσταλμένον,
1169 3327 1216 3406 πῇ
1238 3323 1275 3386 δὲ
1299 3323 1448 3386 ἐκτείνει.

301 3425 446 3512 Ἔρυκος
466 3429 532 3514 γὰρ
548 3433 824 3514 συνεσταλμένως
839 3430 895 3496 καλ
910 3429 1068 3514 ἄμβνκος,
1092 3433 1271 3515 Βέβρυκος,
1295 3416 1450 3512 κάλυκος,

314 3537 517 3621 Γολνυκος,
541 3543 669 3623 λβνκος.
712 3541 864 3606 Oeannus
886 3550 974 3605 recte
996 3541 1121 3604 monuit
1144 3541 1362 3626 Ganyctorem
1386 3539 1451 3602 He-

313 3647 398 3711 siodi
424 3649 665 3714 interfectorem
698 3649 801 3714 fuisse
828 3661 900 3732 aut,
936 3659 973 3713 ut
1000 3631 1060 3713 'alii
1095 3649 1291 3730 narrabant,
1326 3657 1450 3735 patrem

382 3855 407 3920 1)
430 3857 573 3907 Immemor
595 3859 653 3904 erat
675 3853 833 3919 Bernhardy
835 3869 866 3904 us
889 3853 952 3905 dum
974 3854 1040 3903 haee
1062 3851 1157 3904 scrib'it
1183 3854 1302 3904 locorum
1326 3855 1373 3904 ubi
1397 3855 1451 3904 He-

314 3925 385 3974 siodi
407 3939 478 3974 mors
501 3929 637 3976 narratur.
678 3921 730 3972 Sed
754 3873 833 3986 quidy
840 3922 1013 3972 iudicandum
1036 3921 1068 3972 de
1093 3920 1122 3972 C.
1142 3921 1272 3980 Miiller0?
1299 3923 1358 3986 qui,
1380 3922 1451 3972 dum

313 3994 405 4069 ipsos
424 3991 503 4042 illos
521 3991 643 4040 locos
632 3994 771 4052 tractat,
790 3995 879 4039 tamen
898 3989 1067 4054 Bernhardyr
1085 4004 1238 4054 opinionem
1255 3989 1287 4038 de
1305 4005 1356 4041 usu
1374 4005 1451 4039 vocis

313 4075 460 4124 γαυυκτωρ
479 4058 562 4124 adopt
564 4059 621 4108 evit
632 4073 717 4123 eaque
729 4026 814 4107 frdtue
826 4056 895 4107 haec
907 4057 1055 4107 hariolatus
1074 4062 1117 4107 est
1134 4055 1254 4121 (Ctesiae
1267 4061 1295 4106 et
1308 4058 1449 4120 chronogr

313 4127 407 4190 fragm.
421 4143 446 4191 p.
461 4125 558 4191 199):‚
560 4127 610 4189 ,De
629 4126 735 4175 nomine
749 4141 895 4190 νανυκτιορ
913 4128 1041 4190 tanquam
1055 4125 1171 4190 Dionysi
1188 4125 1309 4190 epitheto
1327 4141 1353 4173 v.
1365 4126 1451 4172 Bern-

313 4194 399 4259 hardy
421 4193 456 4243 ad
478 4195 591 4244 Eratost
592 4192 652 4244 hen.
675 4209 701 4258 p
721 4195 778 4244 154.
813 4191 906 4256 Neque
929 4192 985 4242 id
978 4208 1006 4241 m
1025 4192 1118 4241 fabula
1136 4197 1232 4242 nostra
1253 4189 1451 4255 significatione

314 4267 397 4324 caret,
415 4277 496 4326 quum
514 4261 625 4311 Hesiodi
643 4261 783 4311 cadaver
774 4275 803 4309 rn
822 4259 987 4322 Dionysiaca
1001 4259 1129 4308 Ariadnes
1147 4260 1217 4309 festo
1235 4263 1390 4338 repertum
1389 4273 1450 4308 esse

313 4329 443 4379 dicatur.“
477 4329 582 4382 Taedet
600 4328 704 4393 reliqua
721 4328 878 4378 exscribere.
914 4327 955 4376 De
973 4343 1037 4376 vcra
1061 4327 1177 4377 nominis
1197 4327 1350 4393 Faventem
1369 4327 1450 4391 signi·

313 4396 438 4447 flectione
458 4411 482 4445 v.
501 4396 566 4444 Pott
583 4395 686 4445 Ztschr.
706 4395 725 4444 f.
743 4396 797 4459 vgl.
816 4393 941 4460 Sprachf.
959 4395 997 4445 Vl
1015 4410 1040 4459 p.
1061 4397 1102 4444 39.
