3354 5076
295 397 315 462 8
763 393 974 447 MERGVRIVS

297 564 440 646 Quidam
462 587 526 631 non
549 565 683 630 Iunonis
707 562 765 629 sed
781 563 863 648 Opis
885 562 1107 648 lao‘galaxiae
1129 561 1288 647 originem
1310 561 1440 626 dedisse

296 675 471 756 finxerunt,
494 696 633 760 quorum
647 647 825 739 ridiculum
837 683 1056 738 commentum
1077 672 1119 737 ab
1135 674 1269 757 Hygino
1292 680 1325 736 et
1348 671 1438 736 seho-

296 784 394 849 liasta
416 785 601 850 Germanioi
623 784 794 856 memoriae
816 782 975 868 proditur.
1018 781 1088 846 Alii
1111 781 1249 847 diversis
1272 780 1377 845 modis
1399 780 1440 844 de
1484 821 1491 836 ι

297 898 358 960 hac
380 916 415 958 re
437 893 595 978 luserunt,
617 895 721 958 veluti
737 892 923 980 Oenopides
939 892 1041 957 Chius
1056 893 1111 978 qui
1127 890 1276 955 narravit
1291 887 1341 953 ὅτι
1357 888 1438 973 πρό-

298 1026 398 1087 τερον
411 1001 496 1068 κατὰ
510 1003 633 1068 τούτου
644 1001 787 1088 ’ἐφέρετο
803 993 821 1066 ὁ
835 1001 942 1084 ἥλιος,
962 999 1017 1066 διοὶ
1033 1000 1070 1066 δὲ
1086 997 1126 1065 nd
1141 999 1305 1065 Θυέστεια
1320 1000 1441 1064 δεῑκνα

298 1111 497 1197 ἀπεστράφη
513 1112 569 1177 καί
584 1110 646 1244 την
670 1112 828 1178 ἐναντίαν
849 1111 958 1198 τούτω
980 1114 1157 1194 πεποίηται
1173 1108 1375 1194 περιφοράν,
1397 1108 1441 1192 ἢν

299 1222 364 1286 νῦν
386 1223 589 1308 περιγράφει
611 1221 629 1285 ὁ
651 1223 821 1302 ζαδιακός.
832 1223 856 1304 ¹)
899 1221 1106 1309 Complura
1096 1228 1231 1284 mventa
1197 1219 1317 1284 thuo
1338 1219 1441 1305 perti-

299 1334 412 1398 nentia
439 1342 606 1398 enumerat
633 1332 788 1397 Manilius
817 1333 918 1396 1718
934 1353 1005 1417 sqq.
1034 1321 1109 1396 Of.
1137 1329 1250 1414 Bergk
1278 1327 1394 1394 Jahrb
1417 1328 1441 1393 f.

301 1441 418 1507 Philol.
437 1442 519 1508 1860
540 1467 572 1530 p
594 1443 655 1506 411
673 1465 743 1529 sqq.

846 1626 900 1690 III

386 1754 493 1820 Sohol.
506 1755 568 1818 BD
584 1754 623 1818 Il.
638 1759 668 1818 E
677 1755 740 1818 422
755 1757 967 1838 (transierunt
981 1752 1061 1818 haec
1078 1756 1111 1822 in
1123 1753 1234 1840 Etym.
1248 1776 1290 1817 m.
1303 1755 1375 1833 546,
1390 1755 1442 1836 17)

301 1863 358 1928 καί
375 1860 635 1948 Ἀλαλκομενηὶς
654 1861 779 1948 Ἀθήνη
802 1861 893 1946 παρὰ
914 1873 984 1938 τοῖς
1006 1852 1045 1928 εὖ
1060 1863 1284 1946 λογιζομένοις
1305 1860 1372 1928 dud
1387 1866 1445 1947 τῆς

302 1974 483 2057 ἐνεργείας,
507 1970 527 2058 ἡ
551 1970 795 2038 οἷκαλοίλκουσα
816 1976 862 2060 τῷ
885 1973 959 2059 ἰδίῳ
980 1970 1073 2056 μένει
1087 1969 1167 2048 τούς
1190 1973 1379 2049 ἐναντίους·
1404 1968 1444 2037 οὐ

301 2081 366 2167 γδιρ
389 2084 579 2168 ιτενδόμεθα
606 2093 675 2159 τοῖς
703 2084 879 2166 νεωτέροις
907 2082 943 2146 οἵ
966 2097 1072 2166 φασιν
1094 2080 1160 2146 ἀπὸ
1185 2079 1445 2165 Ἀλαλκομενίαν

302 2190 394 2270 τινδς
416 2194 584 2279 είρῆσδαι,
631 2188 706 2259 οὐδ’
732 2188 775 2269 αἱς
794 2190 1086 2276 Ἐρατοσθένης
1108 2192 1327 2275 παρήκαυσεν
1343 2190 1445 2276 Ὁμή-

303 2325 367 2386 ρου
390 2303 543 2379 είτιόντος
564 2301 735 2387 ,,Ἑρμείας
757 2301 930 2386 οίκιίκηταίί
954 2304 1008 2388 (Il.
1032 2309 1065 2366 11
1090 2303 1160 2368 185.
1183 2303 1246 2368 Od.
1271 2325 1297 2365 ω
1322 2303 1373 2387 10)
1397 2299 1446 2366 ὅτι

302 2409 379 2475 ακό
398 2409 716 2498 Ἀκακησίουῖᾚ
697 2435 836 2496 ορους,
864 2409 935 2476 αλλ
968 2411 985 2476 ὁ
1007 2410 1151 2496 μηδενὸς
1173 2415 1280 2476 κακοῦ
1301 2413 1447 2495 μεταδο-

303 2522 407 2606 τικός,
431 2519 503 2588 ἐπεὶ
525 2525 581 2587 καὶ
604 2521 745 2606 δοτηρ“
729 2545 825 2590 εαων.
1070 2559 1072 2564 .

316 2647 321 2657 ’
389 2631 497 2698 Schol.
521 2633 625 2697 Paris.
649 2631 689 2695 Il.
714 2636 747 2696 11
771 2632 832 2696 185
855 2632 976 2715 (Onam
1001 2632 1116 2695 anecd
1141 2632 1445 2718 Paris.111p.21,

304 2739 410 2826 22)’
390 2739 555 2825 axdxqru:
585 2767 636 2818 ως
656 2743 732 2826 μὲν
752 2739 1044 2825 Ερατοσδενης
1066 2745 1205 2825 φησιν
1235 2765 1311 2807 ατο
1331 2741 1447 2807 Aua

305 2853 429 2934 κη’του
451 2849 573 2936 ὅρους
595 2849 698 2916 οὕτω
721 2853 885 2952 λέγεται
907 2847 1100 2936 ὁἙρμῆς·
1130 2846 1175 2928 ὡς
1198 2851 1230 2916 δ’
1254 2854 1371 2937 ἕτεροι,
1396 2850 1447 2918 ὅτι

305 2955 448 3043 μηδενὸς
470 2965 578 3026 κακοῦ
598 2962 814 3046 μεταδοτικός
838 2959 939 3039 ἔστιν,
963 2959 1032 3028 ἐπεὶ
1055 2963 1111 3027 καί
1127 2963 1253 3045 δοτῆρα
1276 2962 1364 3029 ἑάων
1384 2960 1447 3028 αὐ-

305 3069 365 3136 τὸν
387 3072 538 3155 λέγομεν.

389 3182 519 3248 Vitioso
541 3183 639 3246 etiam
665 3183 766 3249 sohol.
794 3185 879 3248 ΙιιΠ
903 3183 964 3248 185
990 3180 1156 3265 ιέκιίκηταε
1186 3177 1445 3266 θεραπευτικός·

306 3285 328 3375 ἢ
351 3288 368 3355 ὁ
392 3291 431 3356 ἐν
452 3289 594 3377 ’Λατίνῃ
617 3293 817 3378 τιμώμενος,
841 3289 912 3376 ὄρει
932 3286 1116 3375 Ἀρκαδίας.

393 3400 499 3465 Schol.
530 3403 592 3468 Od.
622 3426 647 3466 ω
674 3405 712 3468 10
740 3400 906 3488 ἀκοίκηται
935 3405 1019 3468 ἔνιοι
1043 3401 1109 3485 ’μὲν
1136 3400 1294 3486 οέμέτοχος
1322 3408 1447 3468 κακῶν.

307 3511 377 3575 ἔστι
398 3509 464 3594 γδρ
487 3507 505 3575 ὁ
528 3509 610 3588 θεὸς
637 3511 738 3597 δοτηρ
766 3511 915 3595 ἀγαθοῖν.
967 3514 1073 3576 ἔνιοι
1105 3508 1181 3576 eiad
1206 3509 1449 3598 Ἀκακησίου

308 3618 431 3704 ὅρους
454 3617 496 3686 ἒν
514 3618 713 3707 Ἀρκαδίᾳ.
758 3623 854 3686 δοκεῖ
872 3620 936 3704 γὰρ
959 3618 977 3686 ὁ
999 3619 1080 3696 θεὸς
1100 3619 1217 3705 Ἀρκὰς
1240 3619 1336 3689 εἶναι.

392 3731 446 3796 Et.
470 3754 512 3796 m.
534 3731 586 3813 44,
610 3732 652 3796 54
674 3729 826 3815 ἀνοίκητα
849 3727 867 3794 ὁ
889 3733 1074 3816 στερίσκειν
1095 3729 1153 3806 τὰς
1176 3730 1299 3809 λύπας·
1327 3731 1351 3817 ἢ
1373 3729 1449 3799 ἀπὸ

308 3841 380 3904 τοῦ
407 3837 450 3906 ἐν
475 3837 660 3927 Ἀρκαδίᾳ
688 3839 811 3923 ὄρους
834 3838 1089 3926 Ἀκακησίου·
1124 3839 1147 3924 η’
1175 3847 1387 3926 πανοῦργον·
1419 3846 1453 3909 oi

309 3949 346 4013 δὲ
369 3947 516 4033 ἀγαθόν’
542 3951 578 4014 οί
596 3951 633 4016 δὲ
655 3949 769 4035 πραῢν
791 3949 847 4016 καὶ
870 3951 1074 4035 κοιμητικόν.

394 4059 457 4124 Pro
474 4072 583 4126 monte
595 4062 752 4128 Acaoesio
765 4070 1033 4150 commemoratur
1044 4061 1197 4148 spelunea
1208 4064 1242 4126 in
1255 4064 1353 4129 schol.
1367 4067 1398 4129 A
1410 4063 1450 4128 Il.

311 4175 344 4233 Π
361 4169 435 4234 185:
465 4167 528 4234 οὐκ
556 4168 726 4236 ἀπὸτοῦ
750 4168 792 4235 ἐν
812 4169 1001 4257 Ἀρκαδία
1024 4169 1181 4256 ἄντρου
1208 4171 1450 4257 Ἀκακησίου

379 4358 488 4438 1)th
507 4361 566 4410 'lan
585 4376 612 4425 p.
633 4360 729 4410 147Α.
799 4359 826 4423 2)
845 4362 1086 4412 laureandum.
1105 4361 1249 4426 (Zomlex
1268 4379 1294 4426 p.
1309 4366 1356 4414 108
1373 4356 1449 4413 'Auu-

311 4421 411 4494 κήσιον
429 4418 521 4494 ὄνομα
538 4419 643 4498 ὅρους.)
659 4418 786 4494 Ἀκησίου
804 4430 834 4477 B.
868 4421 1021 4494 Ἀκακητου
1038 4429 1071 4482 Ι),
