3354 5076
343 325 383 388 ‘28
456 311 464 322 '
810 325 1021 378 uancvruvs

344 493 571 560 Eratosthenis
587 503 736 581 poemate
751 495 996 560 commemorari
1014 495 1170 582 potuerit:
1194 518 1268 560 nam
1286 495 1485 560 Mercurium

342 605 444 668 boves
467 604 608 671 iuratum
631 606 694 670 iter
717 628 774 692 per
789 605 957 670 Boeotiam
980 605 1097 672 fecisse
1120 606 1260 693 produnt
1282 605 1396 690 hymni
1417 605 1485 671 Ho-

342 715 455 781 merici
480 724 577 801 poeta
604 716 659 800 (88
681 714 768 802 sqq.)
802 725 834 780 et
861 715 1047 782 Antoninus
1075 715 1238 782 Liberalis
1266 716 1346 801 (23).
1397 714 1485 780 Satis

342 835 449 890 autern
473 825 671 892 verisimile
694 836 755 908 est,
779 825 1040 910 Eratosthenem,
1063 827 1095 891 id
1119 827 1207 913 qnod
1230 835 1342 913 postea
1364 825 1484 901 Nican-

341 935 399 1000 der
431 935 550 1001 fecisse
582 935 762 1020 videtur¹),
792 936 897 1001 fusius
930 937 1145 1020 descripsisse
1176 936 1229 1000 dci
1259 937 1485 1020 migrationem

341 1067 443 1132 eaque
471 1047 512 1111 ad
540 1047 768 1112 ostentandam
798 1046 999 1112 reconditam
1033 1047 1249 1113 eruditionem
1277 1067 1349 1110 esse
1378 1069 1484 1129 usum,

340 1157 613 1242 quemadmodum
636 1154 872 1222 Callimachum
900 1159 1026 1223 versari
1048 1156 1197 1222 videmus
1226 1157 1260 1221 in
1283 1155 1483 1243 exponendis

341 1265 485 1333 Latonae
507 1266 724 1333 errationibus
745 1266 891 1354 aliosque
913 1267 1003 1333 alibi.

425 1377 530 1442 Multo
552 1376 719 1442 diffieilior
740 1387 790 1444 est
811 1378 970 1464 quaestio,
992 1378 1072 1464 quid
1093 1399 1154 1463 pro
1179 1386 1332 1464 corrupto
1353 1379 1484 1443 nomine

323 1481 532 1573 ’Παρμένιος
563 1489 607 1554 sit
639 1486 886 1556 restituendum.
936 1486 1186 1553 Schmidtius
1218 1487 1319 1554 verba
1349 1491 1483 1571 Γαργα-

341 1601 402 1682 φίη
438 1599 546 1682 κρήνη
581 1597 703 1681 (dicere
740 1596 854 1662 debuit
888 1594 1049 1681 Ἀργαφίη
1086 1598 1206 1682 κρήνη)
1245 1599 1482 1665 Parmenoni

339 1706 576 1794 iambographe
598 1707 774 1772 tribuenda
796 1729 867 1772 esse
895 1687 1034 1773 coniecit
1067 1706 1194 1793 (Rhein.
1217 1708 1305 1773 Mus.
1327 1707 1377 1771 Vl
1402 1708 1483 1774 1848

339 1843 370 1905 p.
392 1816 485 1899 404):
512 1817 598 1904 quod
621 1816 710 1884 nulle
732 1816 828 1883 modo
850 1826 958 1905 potest
979 1818 1192 1904 comprobari.
1237 1818 1273 1883 si
1300 1817 1386 1882 enim
1408 1840 1482 1884 cum

340 1928 523 1993 Schmidtio
546 1950 663 1993 nomen
686 1936 829 2014 poetae
851 1949 1081 2014 reponeremus
1103 1929 1158 2015 qui
1181 1928 1333 1993 diversus
1355 1937 1483 1993 esseta

339 2038 533 2124 pentametri
562 2027 710 2120 auctore,
738 2039 802 2103 due
830 2039 1014 2110 maximam¹
1033 2038 1226 2124 praeberent
1253 2038 1480 2103 offensionem:

338 2148 480 2234 primum
514 2147 601 2234 quod
633 2150 864 2233 grammaticus
893 2149 1087 2235 pentametri
1114 2147 1241 2213 ratione
1273 2171 1337 2212 non
1366 2146 1482 2214 habita

339 2256 357 2323 ὁ
380 2258 571 2344 Παρμένων
593 2255 677 2323 ἄνευ
698 2259 759 2323 τοῦ
781 2281 802 2342 μ
828 2260 875 2323 ita
896 2257 1020 2324 diceret
1047 2257 1140 2344 quasi
1167 2257 1229 2323 hoe
1250 2257 1390 2345 primum
1415 2261 1481 2324 ler-

339 2391 411 2433 mae
437 2366 599 2453 Ἀρμαφίη
632 2368 853 2435 testimonium
883 2370 1043 2456 poeticum
1072 2368 1246 2455 proferret,
1280 2368 1399 2434 deinde
1425 2369 1480 2434 ab·

339 2479 438 2544 surda
459 2480 521 2544 ista
543 2479 759 2561 enumeratio,
787 2502 852 2565 qua
873 2490 949 2545 ante
971 2479 1080 2543 emnia
1098 2475 1275 2563 Ἀργαφίη,
1300 2487 1370 2545 tum
1392 2482 1478 2561 Γαρ-

338 2591 444 2673 γαφίη
465 2612 502 2654 ac
525 2589 623 2655 tertio
645 2589 716 2654 loeo
731 2610 843 2654 rursus
857 2587 1018 2673 Ἀρμαφίη
1040 2597 1209 2676 poetarum
1229 2591 1480 2673 auctoritatibus

337 2700 540 2786 probaretur,

423 2809 580 2876 Maiorem
595 2809 815 2896 persuadendi
831 2811 897 2876 vim
919 2809 1003 2875 duae
1018 2809 1259 2875 emendationes
1274 2810 1399 2876 habent
1413 2811 1478 2875 iam

338 2931 434 2986 antea
455 2921 650 3008 prepositae.
695 2919 937 3007 Sylburgius
960 2942 1078 2986 nomen
1100 2922 1294 3005 Παρμένιος
1315 2923 1348 2987 in
1371 2925 1477 3007 Παρ-

336 3029 477 3106 θένιος
499 3024 689 3095 mutandum
711 3052 782 3095 esse
797 3031 937 3095 censuit.
973 3030 1069 3112 Quod
1086 3032 1114 3095 si
1128 3031 1354 3118 amplectimur
1368 3030 1477 3097 simul·
1542 3085 1548 3099 s

337 3162 400 3226 que
426 3141 598 3208 statuimus
626 3139 865 3225 pentametrum
894 3162 965 3206 esse
987 3141 1171 3225 Parthenii,
1200 3165 1265 3207 una
1290 3140 1477 3207 offendendi

337 3272 434 3316 causa
456 3249 591 3316 tollitur.
635 3251 752 3316 Restat
774 3250 854 3315 ordo
877 3250 1048 3317 confusus:
1077 3273 1151 3316 nam
1179 3263 1216 3318 ut
1242 3262 1331 3317 reete
1352 3253 1478 3318 monuit

336 3360 501 3445 Bergkius
524 3360 624 3443 (anal.
648 3359 745 3427 Alex.
768 3360 803 3427 II
826 3385 856 3448 p.
880 3361 935 3446 23)
959 3361 1152 3444 „latendum
1176 3371 1240 3445 est,
1263 3362 1292 3426 si
1314 3363 1478 3429 scribatur

337 3465 355 3533 ὁ
378 3470 571 3553 Παρθένιος
599 3467 682 3536 ἄνευ
708 3474 769 3536 τοῦ
792 3496 812 3554 γ
841 3473 887 3538 ita
913 3480 950 3537 ut
977 3470 1040 3536 hoc
1070 3471 1112 3535 ad
1139 3482 1378 3557 pentametrum
1407 3495 1477 3562 per·

334 3580 449 3662 tineat,
471 3578 552 3644 nihil
574 3582 704 3647 omnino
727 3580 809 3667 diei,
831 3582 919 3668 qued
941 3605 1005 3647 non
1027 3592 1103 3647 ante
1124 3582 1188 3646 iam
1216 3581 1339 3648 dietum
1366 3585 1477 3666 fuerit,

334 3690 400 3756 nisi
422 3689 509 3777 quod
531 3698 646 3776 poetae
667 3713 785 3756 nomen
808 3691 957 3758 additum
973 3695 1058 3757 est.“
1094 3691 1210 3780 ltaque
1232 3695 1382 3758 restituto
1398 3695 1474 3759 Par-

335 3799 438 3866 thenii
453 3800 582 3866 nomine
598 3801 693 3866 simul
709 3803 812 3867 verba
827 3801 912 3868 hunc
926 3803 959 3866 in
975 3802 1107 3867 modum
1121 3805 1289 3891 transponi
1303 3826 1405 3890 paene
1421 3828 1474 3870 ne-

335 3912 512 3977 cessarium
535 3912 610 3976 orit:
637 3909 829 3996 Ἀργαφιής·
854 3903 929 3976 οἷον
950 3911 1157 3997 „vrdeipsrerr
1181 3912 1307 3998 κρήνης
1328 3916 1475 3998 ἔδραμον

335 4045 537 4053 -—.-.———·

404 4101 430 4157 ll
447 4101 511 4180 Ant.
523 4101 585 4152 Lib.
603 4091 674 4167 ἦμεν
692 4093 783 4179 αὐτὰρ
800 4093 929 4154 ἐλαύνων
948 4096 1000 4154 drer'
1018 4118 1047 4154 τε
1061 4099 1218 4167 Πελασγῶν
1236 4099 1285 4153 καὶ
1304 4093 1345 4153 dr’
1364 4094 1475 4167 Ἀχαΐας

335 4167 386 4252 ³⁷³⁹
403 4161 1397 4289 fll‘ffi't'tntthtt,ttt‘lthttstt'tttttthltt‘ltr
1416 4166 1474 4287 iii

335 4252 543 4381 ihlliquiitiair
561 4299 638 4368 nopai
656 4298 686 4354 ui
700 4255 830 4381 flunmen
847 4256 1084 4371 ὅροςρέπορεύετο
1104 4255 1251 4370 natinaei?
1262 4252 1474 4356 ztihratviluoi'

335 4368 383 4423 nol
402 4388 454 4432 τας
473 4366 629 4438 λεγομένας
647 4366 758 4424 Briareo
776 4367 905 4436 σκοπιάς.
