3354 5076
317 353 359 415 20
784 355 993 406 nascamus

318 521 548 605 προσηγάγετο
577 521 633 586 καὶ
655 521 806 603 κατέσχε,
836 520 989 606 τὴντῶν
1016 527 1179 606 μυρεψῶν
1207 519 1262 588 καὶ
1285 527 1354 588 τῶν
1375 522 1459 601 ὀψο-

317 635 426 695 ποιῶν
448 633 504 696 καὶ
527 628 741 715 κομμωτικὴν
764 636 877 696 πᾶσαν
900 632 955 696 καὶ
978 629 1206 716 ἅνθοβαφίαν.

401 743 545 807 Verbum
571 743 734 826 ἐπήνεγκε
756 741 843 828 quod
867 741 1023 827 intellegi
1035 744 1093 808 vix
1109 752 1217 830 potest
1232 741 1375 808 Cobetus
1390 765 1458 807 mu·

315 855 402 918 tavit
430 854 463 916 in
494 852 638 937 ἐπῄνεσε
667 853 750 937 (var.
773 852 847 916 leot.
880 875 912 938 p.
935 852 1025 934 259):
1055 875 1153 939 quam
1181 855 1402 918 coniecturam
1431 855 1459 917 si

315 964 546 1049 approbamus,
571 963 652 1026 duos
677 963 882 1026 hexametros
905 985 946 1031 ex
968 962 1130 1027 Mercurio
1153 965 1271 1048 petitos
1295 986 1366 1028 esse
1389 964 1458 1028 effi-

316 1075 409 1138 citur.
465 1072 610 1135 Priorem
645 1093 775 1135 versum
816 1074 870 1152 (ex
904 1082 997 1158 parte
1032 1072 1172 1136 fortasse
1205 1072 1458 1157 proverbialem)

315 1192 409 1271 poeta
423 1182 585 1247 Mercurio
609 1181 671 1267 ipsi
694 1183 815 1245 iocanti
837 1181 983 1245 tribuere
1005 1183 1037 1244 in
1060 1204 1098 1246 ea
1112 1184 1266 1246 carminis
1290 1192 1382 1268 parte
1403 1205 1458 1269 po·

315 1294 393 1370 tuit,
408 1292 479 1356 ubi
508 1291 701 1355 narrabatur
724 1289 818 1355 dolus
846 1290 966 1354 abillo
990 1313 1030 1354 ne
1052 1292 1131 1356 forti
1155 1292 1297 1375 vestigia
1323 1313 1457 1378 appare·

316 1403 388 1467 rent
411 1402 578 1466 adhibitus
603 1401 659 1483 (cf.
687 1423 719 1486 p.
745 1401 807 1481 18).
860 1401 950 1464 Inter
980 1403 1087 1464 varias
1116 1400 1250 1466 alterius
1279 1403 1457 1487 scripturas

318 1509 462 1596 ὀρθοῦσι
485 1509 572 1574 hand
596 1510 695 1574 dubie
722 1510 854 1593 ingenio
877 1512 947 1574 sive
969 1510 1175 1580 librariorum
1205 1513 1274 1574 sive
1296 1512 1457 1576 editorum

316 1622 463 1686 debetur.
502 1621 537 1684 Si
560 1616 683 1703 ὀρθοῦ·
707 1615 849 1700 καὶγὰρ
872 1618 1021 1703 legimus
1045 1621 1148 1684 oratio
1170 1642 1330 1686 conversa
1351 1630 1401 1685 est
1416 1620 1458 1685 ad

315 1732 457 1818 aliquem
480 1731 536 1814 qui
558 1730 716 1814 gravibus
744 1729 830 1793 curis
859 1730 1036 1793 cruciatur:
1063 1729 1091 1793 is
1119 1728 1313 1793 admonetur
1340 1740 1376 1794 ut
1402 1731 1458 1795 de-

316 1843 449 1904 missum
473 1840 618 1903 animum
641 1841 755 1924 erigat,
778 1839 858 1926 ipsis
881 1841 967 1902 enim
996 1840 1083 1902 curis
1107 1837 1269 1937 hominem
1292 1840 1397 1924 magis
1420 1861 1458 1902 eo

316 1950 450 2037 perduci
473 1959 509 2012 ut
531 1947 656 2035 aliquid
679 1948 843 2032 excogitet
865 1971 903 2012 ao
926 1950 1078 2033 reperiat.
1113 1949 1237 2012 Verum
1253 1950 1394 2035 permira
1410 1961 1460 2014 est

315 2064 380 2124 ista
401 2058 579 2125 consolatio
601 2068 698 2144 atquc
727 2059 760 2122 id
788 2060 867 2122 satis
891 2056 1079 2141 molestum,
1109 2060 1193 2144 quod
1215 2061 1458 2145 comparativus

265 2204 269 2210 ·
315 2173 444 2254 μᾶλλον
467 2191 530 2233 non
554 2168 736 2253 habetque
759 2177 835 2254 apte
856 2169 1032 2232 referatur:
1056 2167 1200 2255 suppleri
1215 2167 1314 2233 debet
1336 2192 1457 2254 „quam

315 2289 418 2343 status
440 2279 606 2342 hominum
628 2279 716 2341 curis
740 2281 888 2343 carens.“
933 2277 1048 2363 Itaque
1075 2281 1134 2342 vix
1160 2288 1239 2363 puto
1261 2287 1388 2363 poetam
1411 2280 1458 2342 sic

315 2389 496 2474 scripsisse.
547 2385 754 2472 Quamquam
783 2389 903 2451 tradita
933 2387 1013 2450 haec
1041 2387 1137 2450 lectio
1172 2389 1285 2473 utique
1313 2400 1459 2474 praestat

314 2499 464 2562 omnibus
493 2518 576 2583 quae
604 2497 791 2582 propositae
819 2507 894 2561 sunt
922 2497 1166 2560 mutationibus.
1209 2497 1457 2584 Wyttenbachii

314 2610 510 2687 coniectura,
534 2602 678 2689 ὀρθοῦσι
694 2606 749 2668 καὶ
766 2605 783 2668 ε’
789 2607 874 2669 aad
880 2606 902 2669 ν’
909 2623 1029 2670 νονσι
1052 2607 1261 2671 scribendum
1277 2631 1359 2690 esse,
1379 2611 1457 2695 quid

314 2720 379 2782 sihi
402 2716 481 2781 velit
503 2738 567 2780 non
589 2717 762 2801 perspicio.
807 2716 972 2799 Bergkius
998 2717 1138 2781 tentavit
1160 2714 1284 2801 ὀρθοῦ·
1314 2719 1458 2802 καὶγὰρ

314 2838 431 2908 μεῖον
463 2826 668 2890 ἑπωὸίνονσι
700 2827 909 2910 μέριμναιῑ),
943 2826 1130 2891 Meinekius
1167 2837 1300 2914 propter
1336 2829 1456 2893 codicis

319 2937 416 2999 Vind.
441 2934 611 2999 lectionem
635 2930 791 3018 ὄρθρον
813 2936 879 3017 γὰρ
903 2937 1112 3019 καὶμᾶλλον
1136 2937 1342 3002 §retrusam
1363 2935 1455 3022 μέρι-

169 3094 174 3102 .
242 3053 253 3078 ·
314 3069 404 3129 μναι.
442 3044 513 3108 Νοο
537 3066 618 3131 opus
640 3055 690 3108 est
712 3068 878 3131 quaerere,
900 3069 976 3112 num
999 3069 1115 3110 sensus
1138 3057 1274 3132 utraque
1296 3050 1458 3136 scriptura

315 3156 464 3237 effectus,
488 3155 516 3217 si
538 3176 597 3241 per
620 3176 655 3216 se
677 3164 857 3239 spectetur,
885 3166 980 3242 aptus
1003 3157 1060 3221 sit:
1089 3177 1164 3218 nam
1186 3153 1275 3220 aliud
1299 3153 1457 3244 estquod

317 3265 401 3330 haud
425 3264 584 3348 ambigue·
600 3287 658 3328 nos
681 3272 770 3328 vetat
792 3275 849 3330 aut
869 3264 1014 3357 Bergkio
1035 3276 1093 3329 aut
1108 3264 1274 3329 Meinekio
1289 3265 1456 3332 adsentiri.

317 3376 354 3438 ld
377 3375 463 3437 enim
486 3374 572 3460 qnod
589 3375 782 3457 Plutarchus
804 3374 912 3460 aliquo
933 3373 1188 3461 disputationum
1209 3397 1339 3440 suarum
1362 3399 1456 3462 argu-

315 3493 422 3547 mento
448 3482 618 3548 adductus·
636 3494 685 3547 est
711 3492 747 3548 ut
765 3494 1031 3556 commemoraret
1051 3487 1232 3571 Archytam
1261 3484 1329 3550 hos
1358 3487 1455 3552 duos

315 3615 455 3657 versus
478 3591 641 3675 laudasse,
664 3603 777 3679 aperte
792 3593 935 3659 ostendit
950 3595 1103 3679 coniungi
1119 3595 1264 3680 potuisse
1281 3598 1361 3660 duas
1384 3620 1455 3662 sen·

314 3706 431 3768 tentias
446 3679 639 3786 cognatione
654 3703 793 3788 quadam
810 3703 862 3768 vel
877 3703 1090 3768 similitudine
1105 3705 1318 3788 significatus.
1349 3709 1457 3793 Atque

315 3815 393 3877 haec
409 3812 523 3877 saltem
541 3823 677 3899 apparet
692 3815 726 3875 in
742 3811 879 3877 lectione
895 3811 1023 3895 dodoci*
1041 3814 1096 3878 καὶ
1112 3812 1176 3896 γὰρ
1191 3817 1321 3896 μᾶλλον
1337 3814 1455 3881 iamdi-

315 3939 414 3986 νονοι
426 3921 597 4005 μέριμνοιε
615 3929 784 4008 postquam
799 3923 905 4007 priore
919 3945 1014 3987 versu
1028 3924 1149 3987 dictum
1163 3933 1222 3996 est,
1239 3928 1453 3990 necessita-

314 4043 401 4113 tem,
417 4032 567 4117 quamvis
582 4030 790 4095 iniucundam
807 4030 1002 4110 hominihus,
1016 4043 1124 4097 tamen
1140 4036 1245 4097 omnia
1261 4056 1316 4098 eos
1329 4035 1454 4119 docere,

399 4171 516 4178 -—-—·.

386 4243 409 4308 1)
428 4243 505 4295 Anal.
525 4245 602 4298 Alex.
617 4245 629 4295 I
643 4264 670 4312 p.
682 4249 707 4298 8.
727 4245 840 4300 Putavit
858 4247 943 4314 igitur
962 4247 1188 4315 significationem
1206 4241 1453 4316 verbiylnatlvrw

314 4327 445 4362 nonense
463 4318 566 4362 mente
591 4314 718 4378 aliquid
741 4319 819 4366 novi
840 4319 976 4370 volvere
999 4336 1035 4368 ac
1059 4334 1187 4384 parere,
1210 4319 1255 4368 sed
1278 4317 1454 4373 doloribus

315 4377 457 4448 aliquem
477 4381 625 4438 afficere,
