3354 5076
305 384 347 449 54
718 414 723 425 -
773 383 983 435 nuucvruvs

307 555 408 618 rium
437 574 507 616 esse
536 561 640 639 putat.
699 551 797 632 Quod
824 550 981 616 iudicium
1010 555 1038 617 si
1067 552 1353 639 amplecteremur,
1386 561 1449 616 sta·

307 663 462 728 tuendum
497 662 593 728 nobis
614 671 731 750 esset,
767 661 965 726 Mercurium
999 662 1285 727 Eratosthenicum
1315 662 1450 727 aliunde

306 774 341 836 in
374 782 494 838 terram
528 772 716 859 pervenisse
749 793 884 858 eamque
911 773 945 835 in
978 771 1136 858 sphaerae
1166 784 1277 838 centro
1311 774 1450 858 positam

306 882 517 948 intellexisse.
563 881 629 946 Sed
652 880 793 946 vidimus
800 931 810 963 ‚
833 881 930 950 deum
953 903 970 946 e
993 891 1082 946 terra
1098 882 1136 945 in
1158 882 1299 965 caelum,
1322 904 1387 947 non
1409 904 1451 946 ex

308 993 397 1058 caelo
419 995 453 1057 in
476 1003 595 1057 terram
619 1013 690 1056 esse
712 992 908 1079 profectum:
931 1001 1100 1076 praeterea
1120 991 1200 1056 mihi
1223 992 1354 1077 quidem
1377 993 1465 1058 sub?

308 1102 486 1168 absurdum
514 1125 585 1167 esse
607 1102 755 1185 videtur,
783 1101 981 1166 Mercurium
1004 1124 1077 1166 eum
1098 1105 1132 1166 in
1154 1110 1274 1166 terram
1296 1102 1452 1168 adveniat

308 1213 498 1290 situm-eius
522 1211 723 1276 mundanum
748 1233 953 1297 cognoscere.
998 1214 1044 1276 At
1065 1210 1151 1275 idem
1180 1212 1220 1276 de
1249 1213 1364 1298 quavis
1387 1211 1452 1276 alia

307 1344 447 1411 persona
470 1320 572 1406 valet,
601 1344 698 1408 quam
721 1345 780 1408 pro
804 1319 898 1387 verbi
927 1324 1040 1406 ἔτετμε
1061 1303 1190 1407 vulgari
1214 1322 1452 1407 significatione

307 1435 456 1518 usurpati
484 1432 631 1498 subiecto
660 1433 833 1518 acceperis.
886 1433 995 1513 Quare
1023 1432 1105 1496 mihi
1132 1433 1244 1515 ἔτετμε
1267 1431 1309 1496 ad
1340 1454 1451 1496 axem

307 1551 456 1628 spectare
478 1540 619 1607 videtur.
663 1542 798 1629 Semper
820 1542 996 1628 tenendum
1020 1550 1084 1622 est,
1114 1541 1364 1608 Eratosthenem
1387 1564 1453 1606 non

307 1636 405 1717 Arati
431 1653 536 1716 instar
563 1651 676 1715 mundi
704 1652 942 1717 institutionem
970 1636 1175 1736 describere,
1202 1651 1261 1716 sed
1290 1673 1452 1737 exponere

278 1789 292 1800 ·
309 1761 388 1846 quid
403 1762 585 1826 Mercurius
603 1760 732 1826 viderit.
763 1760 881 1847 Itaque
896 1762 924 1825 si
939 1783 1108 1848 ponamus,
1131 1760 1329 1827 Mercurium
1350 1762 1452 1827 oculis

308 1872 476 1958 permetiri
503 1873 576 1935 axis
598 1870 836 1956 longitudinem
844 1899 854 1954 ,-
881 1895 947 1936 non
977 1871 1074 1935 video
1096 1894 1154 1935 cur
1176 1880 1249 1956 post
1276 1872 1362 1936 hanc
1384 1873 1453 1936 fere

310 1982 506 2047 sententiam
521 1984 618 2064 „axis
636 1983 676 2046 ab
692 2003 756 2045 uno
773 1979 852 2046 caeli
867 1981 943 2067 polo
960 1980 1001 2046 ad
1018 1981 1157 2045 alterum
1172 2004 1230 2068 per
1245 1992 1365 2048 terram
1381 2005 1452 2068 por-

312 2101 421 2158 rectus
437 2096 529 2157 erat“
543 2113 608 2155 non
624 2092 669 2156 ita
684 2093 776 2177 pergi
791 2091 947 2176 potuerit:
969 2088 1043 2175 „ad
1065 2099 1213 2155 terram
1227 2091 1356 2177 ipsam
1372 2116 1453 2180 per-

310 2203 421 2267 venit
436 2202 470 2265 in
491 2200 623 2266 medio“
639 2210 700 2266 etc.
738 2203 847 2287 Atque
863 2210 961 2282 certe,
984 2223 1058 2265 curn
1074 2199 1219 2265 Achilles
1240 2201 1322 2266 duos
1338 2225 1452 2267 versus

311 2321 443 2396 propter
470 2311 559 2376 axis
582 2312 922 2376 commemorationem
945 2297 1083 2394 excitetss
1109 2322 1337 2398 exspectamus
1360 2313 1454 2400 plura

311 2423 350 2486 ad
376 2443 472 2484 axem
494 2421 657 2507 pertinere
679 2443 774 2506 quam
798 2432 962 2506 postrema
985 2417 1040 2483 dui
1063 2418 1096 2484 d’
1124 2417 1242 2498 ἄξονος
1264 2420 1452 2506 ἠρήρειστο.

312 2530 478 2594 Audacter
490 2552 567 2594 sane
579 2532 692 2615 ἔτετμε
703 2551 800 2594 sensu
811 2529 968 2594 translato
982 2530 1021 2594 de
1034 2552 1096 2594 axe
1107 2541 1202 2618 poeta
1211 2531 1454 2598 Alexandrinus

311 2643 497 2726 usurpavit;
515 2641 645 2724 διήκειν
661 2639 701 2704 de
717 2649 784 2704 tota
798 2642 870 2704 axis
886 2640 1089 2724 longitudine
1107 2641 1230 2706 dietum
1245 2643 1333 2728 apud
1348 2652 1453 2728 poste·

311 2751 414 2818 riores
430 2752 602 2836 scriptores
618 2751 869 2814 usitatissimum
892 2759 958 2815 est:
982 2749 1024 2815 cf.
1040 2750 1123 2816 Ach.
1139 2776 1171 2839 p.
1193 2754 1251 2818 151
1269 2753 1312 2817 D.
1337 2755 1397 2818 152
1412 2755 1453 2817 Α.

311 2861 447 2949 interpr.
471 2861 529 2923 Ar.
545 2884 577 2945 p.
594 2860 654 2924 261
669 2861 697 2924 Ε
720 2861 790 2923 Pet.
815 2859 913 2924 schol.
930 2861 989 2924 Ar.
1005 2861 1046 2924 22
1063 2871 1121 2927 etc.
1145 2901 1187 2911 —
1208 2863 1365 2928 Petavius
1381 2885 1453 2927 cum

312 2991 444 3033 versum
459 2969 746 3033 Eratosthenicum
760 2971 806 3032 ita
821 2970 921 3034 vertit
937 2971 1064 3056 „ipsam
1081 2971 1210 3057 quidem
1235 2974 1367 3054 secuit
1389 2997 1453 3038 me-

313 3078 401 3143 diam
428 3099 561 3164 prorsus
590 3078 762 3163 Olympi“‚
792 3081 903 3160 ἔτετμε
932 3079 1028 3144 aliter
1050 3081 1281 3166 interpretatus
1305 3088 1373 3165 estj
1398 3083 1455 3146 sed

312 3185 515 3252 hauddubie
531 3188 663 3252 erravit.
691 3187 827 3252 Censuit
842 3188 972 3273 quidem
986 3187 1176 3254 Grashofius
1192 3191 1349 3255 aoristum
1366 3193 1455 3256 ἔτετ-

312 3322 378 3380 μον
400 3298 562 3362 secandi
586 3297 856 3382 significationem
872 3321 967 3384 posse
982 3298 1103 3363 habere
1119 3299 1263 3384 (Ztsehr.
1279 3300 1302 3363 f.
1320 3301 1351 3364 d.
1368 3301 1454 3366 AW.

315 3409 395 3472 1837
418 3431 450 3493 p.
467 3409 561 3492 575):
586 3416 619 3471 at
641 3429 724 3471 unus
748 3406 836 3472 locus
860 3411 916 3493 qui
939 3411 1043 3472 estin
1067 3409 1190 3492 Argon.
1213 3409 1315 3495 Orph.
1338 3432 1368 3472 v.
1392 3412 1454 3475 366

314 3516 383 3598 (ubi
407 3517 557 3598 ἔτέτμετο
581 3513 611 3578 δ’
636 3515 779 3596 ἔστενες
801 3515 888 3601 ἅλμη
910 3518 1064 3583 traditum
1090 3519 1171 3601 est),
1195 3540 1267 3580 cum
1290 3518 1331 3582 de
1350 3515 1453 3584 ¹verbo

314 3628 394 3691 satis
416 3628 604 3712 frequenter
619 3624 766 3692 adhibito
783 3637 908 3710 agatur,
931 3629 1028 3691 nimis
1045 3628 1210 3691 infirmum
1227 3626 1456 3718 documentum

313 3756 384 3800 esse
399 3736 478 3801 mihi
494 3734 632 3798 videtur.
672 3736 723 3829 Cf.
746 3736 881 3800 Lobeck
903 3738 946 3800 ad
961 3736 1150 3801 Buttmanni
1166 3717 1301 3821 gramm.
1319 3737 1355 3803 Il
1376 3764 1407 3825 p.
1425 3743 1455 3805 5.

313 3846 429 3932 Itaque
460 3846 519 3910 vix
550 3844 664 3908 dubito
698 3847 777 3930 quin
805 3847 1020 3912 Ruhnkenins
1049 3849 1081 3912 in
1110 3847 1236 3933 Argon.
1273 3849 1341 3913 loco
1369 3860 1456 3914 recte

315 3955 468 4037 ἐτέμνετο
492 3955 670 4018 correxerit
687 3956 753 4040 (ep.
771 3957 841 4020 crit.
858 3957 893 4021 ΙΙ
915 3980 946 4040 p.
963 3956 1053 4042 241).
1091 3958 1239 4023 Nostro
1262 3967 1369 4023 autem
1385 3958 1456 4022 loco

314 4065 452 4128 mutatio
479 4066 595 4146 ἔτεμνε
622 4087 679 4128 cur
707 4087 771 4128 non
799 4066 985 4130 necessaria
1013 4066 1091 4130 mihi
1123 4069 1290 4151 videatur,
1320 4077 1456 4154 apparot

315 4247 357 4289 ex
379 4224 424 4304 iisx
442 4246 527 4310 quae
550 4247 648 4308 supra
674 4228 776 4311 posui.
801 4265 841 4273 -
865 4196 933 4290 aad
962 4230 997 4314 (i.
1022 4251 1048 4292 e.
1072 4226 1210 4310 παντὸς)
1237 4226 1341 4291 codex
1365 4228 1455 4291 Vati-

315 4356 414 4400 canus
441 4334 516 4414 191,
540 4356 582 4398 ex
605 4357 668 4423 quo
691 4335 777 4400 locos
801 4337 1065 4402 Eratosthenicos
1093 4339 1335 4425 promptissima
1358 4341 1456 4404 couri-
