3324 5074
303 341 344 404 66
769 343 980 396 MERCVRIVS

304 508 408 574 simile
432 509 485 590 fit,
515 511 555 573 in*
577 510 638 575 hoc
660 512 803 576 carmine
832 511 911 575 talia
933 524 1064 579 narrata
1092 513 1204 579 fuisse.
1249 511 1353 598 Vrget
1376 514 1446 599 qui·

304 620 377 682 dem
406 619 636 706 Bemhardyus
664 620 751 685 locos
779 619 968 705 nonnullos,
1000 623 1117 709 quibus
1145 633 1305 687 astrorum
1337 622 1445 708 dispo-

306 731 380 792 sitio
403 739 500 815 atque
529 729 690 794 ordinatio
713 731 875 797 Mercurio
904 732 1111 798 adscribitur.
1157 732 1241 797 Sunt
1266 743 1373 799 autem
1400 733 1445 796 hi.

304 838 569 904 Pseuderatosth.
594 837 717 904 Oetast.
741 840 783 903 20
804 842 1005 912 Δελτιοτόν.,
1036 841 1135 907 τοῦτό
1159 843 1252 907 ἐστιν
1274 838 1361 926 ὑπὲρ
1383 840 1446 923 μὲν

303 928 366 1031 τὴν
388 945 542 1031 κεφαλήν
564 953 625 1012 τοῦ
641 952 750 1030 Κριοῦ
773 951 945 1033 κείμενον·
971 952 1101 1033 λέγεται
1124 951 1161 1015 δὲ
1181 952 1313 1016 ἐκεῖνον
1335 947 1447 1033 ἀμαν-

304 1057 444 1139 ρότερον
467 1053 564 1138 εἶναι,
590 1055 738 1140 εὔσημον
762 1059 797 1124 δὲ
813 1057 850 1123 τό
866 1060 1001 1144 γράμμα
1022 1058 1076 1125 ἐπ’
1102 1058 1207 1124 αὐτοῦ
1223 1065 1358 1124 κεῖσθαι
1380 1056 1445 1123 clud

301 1164 383 1242 Διὸς
405 1166 443 1232 τὸ
467 1171 602 1251 κροῑτον
625 1178 790 1250 στοιχεῖον
809 1166 932 1252 Ἑρμοῦ
953 1171 1089 1252 θέντος,
1118 1167 1155 1244 ὃς
1176 1167 1237 1233 τὸν
1260 1168 1446 1250 διάκοσμον

301 1280 373 1340 τοῖν
387 1275 531 1360 ,ἄστρων
555 1276 745 1360 ἐποιήσατο,
779 1278 883 1364 (Hyg.
907 1278 948 1342 de
971 1290 1049 1344 astr.
1073 1279 1108 1342 II
1126 1279 1164 1342 19
1186 1280 1242 1342 hoc
1262 1279 1350 1342 sidus
1364 1279 1448 1342 uelut

306 1387 397 1450 litero
420 1398 461 1451 est
484 1385 609 1452 Graeco
630 1389 666 1452 ln
688 1389 847 1470 triuupulo
873 1391 992 1470 positu,
1016 1391 1121 1470 ltaque
1143 1388 1335 1470 appellatum
1363 1388 1447 1468 quocl

302 1495 487 1560 Mercurius
512 1517 613 1579 supro
641 1502 735 1579 copul
756 1496 876 1562 Arietis
904 1501 1049 1564 statuisse
1077 1500 1272 1564 existimetur
1298 1498 1380 1575 ideo,
1410 1501 1447 1561 ut

302 1606 475 1670 obscuritas
496 1605 617 1670 Arietis
638 1607 731 1670 lutus
752 1608 921 1690 splendore,
946 1630 1006 1690 quo
1022 1609 1084 1672 loco
1107 1613 1189 1686 esset,
1212 1607 1445 1689 slynlytcuretur

284 1720 329 1796 'el
361 1715 449 1780 Iouis
481 1717 606 1780 neruine
640 1715 758 1781 Graece
791 1715 873 1791 Διὸς
904 1720 1047 1800 pulmon
1080 1719 1201 1782 literana
1234 1715 1444 1797 deformaret.)

301 1822 572 1912 Pseuderatostb2
591 1825 633 1890 34
655 1827 806 1907 Λαγωός.
852 1815 950 1902 οὗτός
972 1827 1064 1891 ἐστιν
1087 1823 1104 1889 ὁ
1129 1826 1167 1890 ἐν
1189 1828 1230 1909 τῇ
1253 1824 1443 1907 καλουμένῃ

301 1935 447 2018 κυνηγίᾳ
469 1931 633 2018 εὑρεθείς.
680 1932 735 1999 διὰ
757 1935 794 1999 δὲ
823 1933 884 2020 τὴν
906 1940 1073 2020 ταχυτῆτα
1096 1939 1156 1999 τοῦ
1179 1933 1265 2013 {mov
1290 1929 1445 2018 ὁἙρμῆς

301 2044 398 2107 δοκεῖ
416 2049 530 2108 θεῖναι
553 2041 657 2108 αὐτὸν
680 2045 718 2108 ἐν
742 2055 809 2118 τοῖς
831 2042 974 2130 ἄστροις.
1014 2044 1137 2130 (Schol.
1160 2047 1218 2110 Ar.
1242 2043 1365 2108 Phaen.
1381 2043 1444 2108 338
1525 2053 1531 2065 '

302 2137 563 2237 κατηστερίσθαι
597 2153 634 2218 δὲ
662 2149 766 2218 αῦτὸν
794 2154 952 2236 λέγουσιν
979 2151 1041 2238 ὑφ’
1066 2152 1188 2240 Ἑρμοῦ
1215 2146 1271 2217 διὰ
1297 2150 1359 2236 τὴν
1384 2175 1443 2215 τα-

301 2266 428 2344 χυτῆτα
456 2263 512 2325 καὶ
540 2260 603 2344 τήν
632 2266 852 2345 πολομονίαν.
897 2264 987 2352 Hyg.
1011 2265 1110 2329 1133
1139 2285 1229 2346 quern
1255 2262 1400 2328 nonnulli
1422 2285 1444 2327 α
1550 2331 1552 2338 ‚

300 2372 464 2437 Mercurio
493 2374 694 2437 constitutum
722 2375 892 2455 luerunt.)
942 2373 1205 2438 Pseuderatosth.
1228 2373 1270 2436 43
1299 2372 1444 2456 πέμπτος

302 2480 340 2546 δὲ
358 2476 490 2564 Ἑρμοῦ,
509 2483 676 2564 Στίλβων,
700 2480 852 2567 λαμπρὸς
873 2483 929 2545 καὶ
943 2484 1079 2568 μικρός·
1103 2487 1149 2568 τῷ
1165 2481 1201 2548 δὲ
1219 2479 1321 2567 Ἑρμῇ
1337 2479 1443 2564 ἐδόθη

301 2587 357 2655 ded
380 2588 417 2655 τό
440 2594 576 2676 πρῶτον
599 2588 704 2655 αὐτὸν
726 2588 786 2655 τῦν
809 2584 1119 2677 ῦιῦκοομονὸρίσαι
1137 2594 1200 2656 τοῦ
1222 2588 1371 2676 οῦρανοῦ
1387 2591 1443 2655 nul

300 2705 370 2764 τῶν
392 2698 527 2786 ἄστρων
549 2699 609 2777 τοὶς
630 2700 737 2778 τάξεις
760 2701 815 2765 καὶ
838 2699 895 2777 τοὶς
917 2699 1008 2787 ῦρας
1022 2706 1183 2787 μετρῆσαι
1206 2701 1262 2765 καὶ
1278 2701 1443 2784 ἐπισημα-

301 2815 389 2875 σιιῦν
412 2809 551 2897 καιροῦς
573 2811 687 2888 δεῖξαι.
725 2810 828 2898 (Hyg.
851 2811 946 2875 1142
967 2813 1042 2877 baec
1064 2817 1168 2878 οκίικκ
1182 2812 1345 2876 Mercurio
1367 2813 1443 2876 duta

220 2926 227 2956 '
301 2923 514 3004 existimatur,
544 2924 627 3003 quod
641 2924 770 3004 primus
791 2942 909 2987 meuses
929 2922 1101 2987 instituerit
1121 2927 1150 2987 et
1173 2922 1343 3003 pantanu
1362 2922 1441 2986 stele-

181 3069 184 3075 -
299 3050 373 3095 rum
400 3031 534 3115 cursus.)
577 3030 665 3118 Hyg.
694 3030 730 3094 ΙΙ
758 3032 797 3094 16
826 3034 881 3112 qui
908 3030 1119 3115 (Mercurius)
1146 3033 1236 3113 eopia
1263 3031 1351 3111 suctu
1379 3051 1441 3113 pro

300 3140 443 3223 beneuuo
466 3141 609 3222 aquilum
629 3143 667 3205 iu
687 3141 804 3205 uuuolo
825 3141 992 3232 colorauit.
1038 3140 1102 3204 Sed
1132 3161 1195 3225 quo
1218 3141 1350 3205 tandem
1372 3141 1442 3203 iure

300 3249 381 3314 haec
403 3250 445 3314 ad
467 3250 694 3315 Eratosthenis
717 3273 831 3337 poema
852 3250 1061 3315 referuntur?
1094 3252 1148 3314 An
1171 3259 1344 3336 propterea
1365 3251 1442 3335 quia

290 3360 346 3424 -ibi
361 3360 542 3425 Mercurius
556 3361 599 3425 ad
615 3369 702 3425 astra
717 3361 904 3448 pervenisse
923 3353 1073 3425 narratus
1090 3365 1159 3426 est?
1197 3359 1263 3424 Sed
1278 3360 1351 3445 quis
1367 3381 1440 3424 con-

299 3468 414 3533 tendat
435 3470 675 3557 Aegyptiorum
702 3469 793 3535 illam
814 3472 999 3560 opinionem
1026 3470 1062 3533 in
1083 3467 1173 3534 nullo
1199 3467 1285 3534 libro
1314 3467 1441 3534 Graeco

298 3588 428 3664 praeter
460 3579 657 3644 Mercurium
696 3579 981 3647 Eratosthenicum
1018 3578 1234 3666 apparuisse?
1271 3615 1307 3627 -
1342 3577 1440 3659 Quod

299 3697 469 3775 praeterea
489 3688 722 3775 Bernhardyus
750 3691 792 3754 inx
806 3688 933 3775 Hygini
961 3686 1074 3754 fabula
1098 3688 1156 3752 lll
1185 3709 1244 3773 pro
1272 3687 1383 3753 verbis
1405 3690 1440 3752 lu

301 3797 428 3864 Creticis
452 3797 519 3885 (vel
542 3797 692 3882 aaran)
716 3800 854 3865 nucibus
876 3798 977 3862 scribi
1004 3796 1076 3863 vult
1100 3799 1137 3862 lu
1158 3797 1419 3863 Eratostheni
1426 3834 1439 3845 -

299 3910 354 3973 cls
374 3909 514 3974 ausibus
527 3917 626 3995 atque
640 3908 701 3973 hac
717 3910 902 3975 coniectura
924 3907 1028 3972 fretus
1044 3906 1125 3972 alios
1139 3905 1229 3973 locos
1245 3905 1286 3970 ad
1303 3907 1440 3972 eandem

298 4038 368 4080 rem
390 4027 574 4104 spectantes
596 4019 807 4083 Eratostheni
829 4019 980 4082 attribuit
1002 4021 1046 4104 (p.
1072 4016 1161 4100 149),
1185 4039 1284 4105 supra
1306 4017 1438 4082 modum

298 4125 454 4190 audacter
476 4129 697 4213 excogitatum
720 4137 770 4192 est
797 4149 901 4214 neque
928 4127 994 4192 ullo
1016 4135 1208 4212 argumento
1231 4127 1437 4210 firmatum.¹)

369 4299 394 4361 1)
412 4299 473 4349 Hac
485 4301 639 4358 coniectura
651 4300 739 4351 fretus
750 4299 878 4366 Meyerus
890 4315 986 4350 versus
998 4300 1032 4350 ab
1042 4300 1151 4365 Hygino
1164 4300 1264 4349 citatos
1276 4297 1438 4350 Varronis

300 4366 435 4440 atacini
454 4366 724 4432 chorographiae
741 4368 884 4432 adscripsit
902 4366 1004 4434 (adnot.
1023 4367 1057 4417 ad
1069 4367 1172 4421 anthol.
1190 4367 1254 4416 Lat.
1273 4382 1298 4446 p.
1312 4365 1364 4431 33),
1384 4383 1438 4432 qua
