3354 5076
670 347 880 400 Masevmvs
1069 314 1073 320 ’
1307 347 1349 410 23

207 513 424 600 corrupteiam
447 515 510 578 iam
539 515 680 595 invenit,
709 513 788 578 nihil
817 513 980 596 efficitur).
1026 515 1258 598 Bernhardyus
1282 514 1349 599 qui-

207 625 282 688 dem
310 623 403 688 dicit:
442 616 570 704 ,μιαλάς
596 647 660 688 non
688 631 774 690 recte
802 624 990 690 Brunckius
1020 625 1149 705 reiecit,
1166 623 1348 688 ‘Athenaeo

206 733 293 799 XIV
315 757 345 819 p.
369 735 432 798 619
455 735 481 798 Β
511 734 703 798 femininum
731 755 833 816 genus
857 733 1088 800 defendente.“
1131 720 1176 798 Ᾱλ
1198 734 1245 799 ibi
1267 735 1347 819 legi-

205 852 260 906 tur
288 845 332 906 αι’
356 846 465 907 λουλοι
494 843 792 926 καλούμεναι
782 838 890 908 attat
936 843 1101 925 Naekius,
1126 844 1229 918 καλάς
1250 845 1347 909 etiam

205 954 294 1039 apud
317 953 525 1018 scholiastam
549 955 611 1036 Ap.
641 953 743 1016 tradit
731 964 798 1016 tum
826 976 897 1018 esse
921 953 1115 1036 arbitratur,
1139 954 1347 1018 coniectando

206 1064 375 1149 proposuit
398 1057 554 1145 τεάχουσ
579 1059 716 1137 άπαλάς.

292 1173 454 1238 Vocabnli
477 1173 680 1248 δενδαλίς
654 1195 724 1237 sive
754 1173 914 1248 δανδαλίς
937 1183 1088 1258 quattuor
1111 1174 1347 1260 interpretatio-

206 1308 262 1350 nes
279 1283 463 1368 Hesychius
479 1282 600 1348 adfert:
627 1275 729 1346 δανδ
737 1283 831 1346 αλίδ
839 1305 892 1358 ες·
919 1284 1074 1366 κάχρυες,
1097 1286 1228 1364 κριθαί·
1252 1280 1273 1364 ἢ
1297 1293 1349 1344 σί-

205 1419 261 1470 τος
276 1394 521 1476 πεφρυγμένος.
554 1393 622 1476 (Et.
639 1417 681 1456 m.
695 1395 767 1476 255,
780 1395 821 1457 54
838 1403 869 1459 et
884 1393 993 1458 Bckk.
1009 1417 1061 1458 an.
1078 1417 1110 1479 p.
1126 1394 1184 1458 241
1205 1393 1225 1454 δ
1233 1392 1354 1476 ενδαῑ

205 1505 270 1568 λίδ
280 1527 332 1579 ες·
358 1503 445 1584 ίεραὶ
468 1503 612 1586 κριθαί.)
647 1504 908 1578 δενδαλίδας·
934 1503 968 1566 οί
986 1501 1226 1587 μὲνάνθοςτι,
1251 1499 1348 1566 ἄλλοι
1429 1487 1435 1496 ’

204 1615 264 1690 τὰς
285 1609 407 1688 λευκάς
430 1611 571 1694 κάχρυς,
602 1611 637 1675 οἱ
665 1613 701 1677 δὲ
730 1609 787 1688 τάς
817 1611 1014 1696 ἐπτισμένας
1043 1611 1165 1694 κριθάς
1192 1601 1348 1694 πρδτοῦ

206 1727 390 1807 φρυγῆναι,
413 1723 449 1786 οί
468 1722 504 1786 δὲ
527 1718 584 1798 τάς
607 1723 645 1786 ἐκ
668 1726 800 1803 κριθῶν
821 1722 922 1805 μάζας
945 1723 1136 1806 γενομένας.
1179 1723 1348 1788 Postrema

205 1833 459 1918 significatione,
490 1831 575 1917 quod
599 1833 774 1897 ostendunt
802 1832 948 1898 ciborum
971 1855 1092 1918 genera
1120 1843 1248 1920 praeter
1270 1834 1347 1896 δεν-

205 1945 343 2019 δαλίδας
366 1951 562 2024 enumerata,
586 1964 653 2006 vox
674 1952 850 2028 usurpatur
872 1945 907 2006 in
929 1953 1044 2028 poetae
1059 1945 1174 2006 comici
1196 1942 1346 2007 versibus

204 2054 247 2118 ab
270 2052 437 2118 Athenaeo
462 2052 546 2116 XIV
569 2076 599 2137 p.
624 2053 687 2116 645
709 2053 737 2115 Β
761 2054 868 2118 citatis

290 2176 354 2262 ἐγώ
378 2179 440 2261 μὲν
462 2178 603 2261 ἄρτους,
626 2181 747 2261 μάζαν,
772 2176 924 2262 ἀθάρην,
948 2177 1089 2262 ἄλφιτα,
1177 2249 1183 2260 ,

290 2289 463 2370 κόλλικας,
487 2285 641 2370 ὀβελίαν,
665 2291 901 2371 μελιτοῦτταν,
926 2288 1120 2371 ἐπιχύτους,

289 2396 471 2482 πτισάνην,
495 2401 723 2480 πλακοῦντας,
747 2400 962 2481 δενδαλίδας,
986 2403 1150 2483 ταγηνίας.

204 2539 312 2621 Atque
327 2534 411 2598 hanc
427 2533 530 2599 solam
546 2543 775 2605 commemorat
790 2533 909 2598 Pollux
924 2533 973 2601 VI
990 2535 1029 2598 76
1046 2525 1096 2610 αἷς
1113 2533 1143 2598 δ’
1169 2531 1345 2618 ἄνθρωποι

204 2647 350 2729 χρῶνται
377 2644 507 2728 μάζαις,
536 2644 666 2708 τούτων
695 2635 735 2706 τά
763 2641 910 2726 ὀνόματα
937 2641 1121 2729 άνθεμαῐ),
1144 2645 1343 2726 ’θριδακίνη

203 2754 325 2838 φύστη,
342 2755 509 2836 ολνοῦττα,
528 2753 672 2836 ἐφίερος,
696 2755 717 2816 δ
724 2755 799 2818 ανδ
805 2756 875 2816 αλί
881 2777 897 2828 ς
913 2757 982 2817 κτλ.
1013 2755 1052 2817 77
1076 2751 1131 2816 καλ
1147 2752 1291 2836 βήρηκες
1308 2752 1344 2818 δὲ

203 2868 302 2947 μάζαί
323 2865 386 2928 εἰσι
408 2863 612 2947 μεμαγμένον
628 2863 843 2946 διηθημένων
866 2868 934 2926 τῶν
949 2859 1111 2945 ἀλφίτων,
1136 2864 1173 2926 αί
1192 2863 1228 2926 δὲ
1245 2863 1343 2926 δαν·-

204 2976 368 3050 δαλίδες
396 2975 644 3056 πεφρυγμένων
672 2975 813 3054 κριθάνς
858 2974 1092 3038 Eratosthenes
1121 2982 1177 3038 aut
1206 2972 1343 3036 eundem

202 3083 356 3171 loquendi
372 3106 464 3148 usum
489 3092 618 3147 secutus
634 3084 741 3146 dicere
757 3082 839 3167 vult,
863 3083 1028 3148 mulierem
1044 3085 1161 3148 fecisse
1177 3081 1258 3145 tales
1275 3081 1343 3168 pla-

203 3205 324 3276 centae,
348 3203 403 3258 aut
424 3193 537 3257 hordei
553 3215 655 3276 grana
677 3192 765 3289 iliam
789 3193 927 3278 fregisse
949 3194 1066 3275 mola²)
1090 3192 1142 3256 vel
1164 3191 1341 3273 frixisse.³)

288 3303 475 3368 Carminum
497 3304 625 3387 generis
648 3303 700 3383 cpi
723 3305 871 3389 tovtogt)
900 3325 1017 3368 nomen
1047 3312 1114 3365 erat
1140 3303 1247 3366 tennis
1271 3309 1340 3364 tan-

202 3413 369 3480 tummodo
393 3412 480 3498 apud
495 3413 724 3497 grammaticos
742 3412 982 3478 Alexandrinos
998 3412 1149 3478 exstabat
1168 3411 1339 3476 memoria:

200 3525 287 3588 unde
310 3509 459 3587 diversae
482 3523 522 3588 de
547 3525 608 3587 hac
637 3545 820 3609 quoquere
843 3526 1021 3588 sententiae
1043 3521 1229 3609 propositae
1253 3531 1340 3586 sunt.
1420 3540 1422 3543 ·

200 3635 293 3700 Duas
315 3643 545 3698 commemorat
566 3643 695 3719 praeter
710 3632 877 3719 Apollonii
893 3632 1100 3707 scholiastam
1117 3633 1231 3697 Semus
1254 3632 1341 3718 apud

199 3745 278 3810 Ath.
302 3743 386 3808 XIV
409 3767 440 3829 p.
465 3745 527 3808 618
550 3745 596 3808 D:
632 3740 671 3806 τά
701 3743 876 3825 δράγματα
899 3747 966 3807 τάν
994 3745 1125 3824 κριθῶν
1149 3739 1234 3812 αὐτά
1258 3741 1340 3804 καθ’

200 3850 285 3918 αὑτά
308 3854 563 3935 προσηγόρευον
586 3851 728 3934 άμάλας·
754 3852 1048 3932 συναθροισθέντα
1071 3853 1108 3915 δὲ
1131 3852 1186 3914 καί
1203 3853 1240 3915 ἐκ
1257 3855 1339 3914 πολ-

269 4047 295 4102 1)
313 4042 363 4092 ort
352 4047 415 4092 tane
432 4041 496 4091 hinc
515 4047 557 4091 est
575 4041 781 4119 interpretatio
786 4031 879 4098 άνθος
897 4045 943 4091 n?
1012 4042 1038 4103 2)
1058 4042 1118 4090 Hoc
1137 4042 1160 4090 si
1178 4057 1274 4091 verum·
1290 4046 1339 4102 est,

198 4111 288 4160 verbis
307 4114 536 4176 quaesequnntnr
555 4101 798 4177 ἕπιμάλιονῴδάν
816 4105 899 4171 (Poll,
914 4109 1007 4191 1V53)
1027 4108 1176 4186 signifieat:
1195 4127 1221 4162 v.
1238 4078 1339 4158 Velseri

199 4178 354 4244 Tryphonis
373 4177 468 4241 fragm.
488 4194 513 4242 p.
528 4179 559 4228 78
574 4194 613 4242 sq
683 4175 709 4239 3)
724 4159 769 4226 De
781 4170 925 4226 muliere
914 4171 991 4240 ιεράς
1004 4169 1109 4237 κριθάς
1122 4181 1237 4240 parante
1250 4176 1339 4254 locum

198 4248 323 4323 concepit
342 4244 479 4308 Spohnins
496 4243 527 4294 6ο
546 4251 614 4295 extr.
635 4243 684 4295 Οδ.
704 4249 828 4322 partep.
848 4245 904 4292 126.
973 4245 1001 4308 4)
1021 4245 1181 4294 fortasset
1154 4261 1167 4292 e
1171 4245 1235 4294 tiam
1255 4235 1339 4295 ου’λοι·

197 4305 264 4378 μάςε
292 4330 308 4364 a
330 4312 444 4365 Polluce
467 4315 538 4362 enim
559 4315 631 4364 inter
656 4313 733 4362 varia
756 4316 907 4376 poematum
929 4326 1027 4374 genera
1055 4311 1145 4362 ίουλοι
1169 4317 1195 4360 et
1218 4303 1338 4374 οὐλαμολ

196 4385 274 4432 iuxta
292 4385 498 4432 commemortan
499 4397 530 4431 nr
548 4381 587 4432 IV
605 4385 645 4435 53
