3324 5074
319 379 379 441 100
803 375 969 428 unrocus

400 547 594 633 Corruptam
617 544 811 631 scripturam
834 540 968 627 ὑφηῦνε
990 540 1225 628 Bernhardyus
1254 539 1301 625 (p.
1326 540 1402 624 142)
1422 539 1458 603 in

315 654 461 740 ὑφῆπτε,
484 654 672 720 Ludovicus
688 653 879 718 Dindorfius
902 653 936 716 in
957 647 1070 736 ὑφηῦε
1091 649 1281 715 mutandam
1299 670 1372 714 esse
1386 669 1458 712 cen-

315 775 365 831 set
373 767 412 848 ¹),
437 775 469 828 et
490 765 552 830 hoc
574 764 706 850 quidem
727 763 862 842 litteris,
886 761 968 826 illud
990 784 1053 828 usu
1074 761 1178 846 magis
1201 760 1456 827 commendatur.

315 880 394 942 Orta
415 885 464 940 est
487 875 672 961 corruptela
694 896 736 938 ex
758 873 867 940 verbis
890 893 974 959 quae
1002 870 1203 958 praecedunt
1227 873 1355 953 γίνεται
1377 869 1415 935 δὲ
1441 867 1459 952 ἡ

314 986 400 1062 λέξις
421 982 513 1069 παρὰ
534 982 572 1048 τὸ
593 986 648 1067 ‹poi
662 981 700 1047 τὸ
715 985 838 1066 φαίνω,
863 981 898 1060 ἐξ
913 970 956 1046 οὗ
978 980 1121 1066 φαύνω
1144 978 1200 1045 καὶ
1215 978 1369 1064 ἀποβολῇ
1390 983 1453 1044 τοῦ

315 1118 341 1178 φ
363 1091 483 1159 crito.

398 1204 521 1268 Locum
543 1202 828 1268 Eratosthenicum
850 1201 1015 1284 „conicias
1038 1202 1079 1265 de
1101 1200 1208 1264 Icario
1230 1201 1352 1266 dictum
1377 1221 1457 1280 essa,

315 1314 467 1401 quicum
490 1314 626 1378 hiberno
649 1322 795 1398 tempore
817 1311 965 1376 Bacchus
988 1311 1031 1375 ad
1054 1332 1089 1375 se
1111 1311 1267 1392 venisset,
1291 1319 1327 1374 ut
1348 1309 1458 1395 hospi-

314 1423 424 1487 taliter
445 1422 535 1487 illum
557 1424 729 1508 acciperet,
751 1424 861 1507 ignem
883 1421 1067 1488 accendit.“
1112 1420 1275 1505 Bergkius
1299 1419 1335 1485 Il
1356 1441 1387 1505 p.
1409 1419 1457 1482 17.

315 1532 367 1597 Of.
390 1531 556 1597 Ruhnken
577 1531 620 1596 ad
642 1531 771 1598 Gallim.
793 1534 834 1598 fr.
856 1533 930 1600 459.
992 1531 993 1534 ’

804 1741 963 1808 XXVIII

401 1870 484 1935 Plin.
507 1878 576 1934 nat.
599 1870 675 1934 hist.
692 1867 798 1932 XXII
821 1869 899 1950 §86
920 1870 1089 1949 scolymum
1111 1889 1231 1951 qaoque
1251 1870 1288 1932 ia
1309 1869 1391 1933 cibos
1411 1890 1458 1933 rc-

316 1983 395 2064 cepit
420 1982 524 2046 oriens
551 1984 580 2044 et
611 1980 675 2043 alio
702 1981 829 2043 aomina
861 1979 1026 2044 limoniam
1059 1979 1235 2061 appellavit.
1284 1977 1390 2058 fruteti
1416 1982 1460 2042 est

316 2111 491 2171 numqaum
519 2089 649 2153 cubitali
675 2089 770 2153 altior
794 2067 898 2153 cristis
916 2090 1066 2170 soliorum
1087 2109 1125 2153 ac
1145 2090 1252 2152 radice
1273 2089 1384 2170 cipro,
1407 2088 1460 2151 sed

316 2202 409 2280 iaici,
433 2199 692 2264 Eratostheni
714 2220 860 2281 qaoque
882 2199 1048 2264 laudata
1070 2200 1113 2262 ia
1131 2199 1302 2280 pauperi
1323 2218 1427 2261 cena.

399 2308 634 2396 Bernhardyus
657 2308 737 2372 haec
758 2308 802 2372 ad
823 2306 924 2372 libros
947 2309 988 2372 de
1009 2309 1143 2393 antiqua
1165 2306 1333 2371 comoedia
1359 2306 1460 2371 refert

316 2420 362 2506 (p.
386 2419 474 2502 234),
504 2420 646 2502 citatque
668 2418 773 2482 locum
795 2418 984 2504 Epicharmi
1006 2416 1094 2504 apud
1116 2418 1236 2481 Athen.
1259 2416 1295 2482 Il
1316 2441 1348 2504 p.
1372 2417 1411 2480 71
1428 2419 1459 2480 A

316 2529 373 2593 ubi
396 2527 535 2593 σκόλιον
558 2549 600 2592 ex
622 2526 795 2611 σκόλυμον
817 2538 1005 2614 corruptum
1027 2550 1099 2592 esse
1127 2528 1267 2592 coniecit
1287 2526 1470 2591 Dalecam-.

275 2705 278 2712 ,
318 2639 389 2723 pius
411 2647 444 2702 et
465 2638 568 2703 verba
585 2635 744 2722 Hesychii
767 2659 799 2699 v.
822 2640 981 2721 xoptate:
1005 2638 1063 2701 sed
1085 2658 1124 2701 ea
1146 2646 1258 2723 aperte
1280 2621 1460 2723 deprauata
1496 2663 1504 2678 ·

316 2755 392 2820 sunt
407 2745 636 2830 foedissime.²)
667 2746 830 2831 Bergkius
845 2755 952 2812 autem
968 2747 1002 2811 in
1017 2768 1166 2812 sermone
1181 2745 1260 2810 mihi
1275 2747 1396 2826 iniecit,
1411 2747 1460 2810 vi-

316 2857 388 2921 deri
410 2856 473 2921 sibi
489 2856 589 2920 Plinii
611 2855 717 2920 locum
739 2858 846 2942 potius
869 2857 913 2922 ad
934 2857 1047 2944 epulas
1071 2866 1219 2945 spectare
1237 2879 1318 2942 quas
1334 2856 1459 2921 Icarius

317 2966 447 3030 Baccho
469 2967 668 3053 apposuerit.
712 2967 823 3051 Atque
846 2975 896 3031 est
919 2989 997 3032 sane
1020 2967 1248 3032 Eratosthenis
1269 2988 1460 3032 commemo·

316 3077 400 3140 ratio
423 3074 511 3156 talis,
534 3084 570 3139 ut
592 3074 694 3139 multo
717 3077 825 3161 aptius
848 3099 945 3162 quam
968 3078 1189 3164 adscriptum
1211 3078 1459 3161 grammatIcum

316 3186 476 3250 referatur
509 3193 566 3250 aut
598 3183 640 3248 ad
674 3183 795 3250 librum
830 3183 923 3268 περὶ
957 3188 1140 3250 πλούτου
1173 3186 1240 3250 καὶ
1273 3186 1458 3268 areleffi)
1493 3269 1499 3280 ι

316 3304 374 3359 aut
400 3295 443 3359 ad
471 3303 633 3378 poemata.
684 3295 720 3360 Si
748 3294 791 3359 ad
820 3295 984 3380 Erigonae
1013 3295 1119 3361 locum
1147 3295 1248 3360 illum
1274 3296 1459 3381 pertineto,

316 3405 464 3491 apposite
487 3389 669 3490 comparari
691 3413 830 3490 possunt
852 3428 935 3491 quac
957 3405 1103 3470 Naekius
1127 3405 1168 3470 de
1190 3426 1302 3468 mensa
1317 3405 1460 3471 Hecalae

318 3513 557 3578 Callimacheac
578 3515 697 3599 partim
720 3536 763 3579 ex
777 3517 874 3579 certis
890 3517 1084 3580 testimoniis
1108 3524 1236 3601 sumpta
1255 3514 1366 3580 attulit
1388 3537 1460 3601 par-

301 3623 377 3687 tim
400 3624 595 3688 coniectavit
617 3625 743 3708 (opusc.
766 3623 801 3688 II
823 3647 855 3710 p.
881 3625 941 3690 133
956 3627 1054 3711 sqq.).

827 3821 950 3890 XXIX

403 3952 488 4016 Plut.
517 3973 612 4017 conv.
641 3952 728 4039 disp.
754 3975 786 4038 p.
808 3952 871 4016 699
886 3955 917 4016 Α
947 3951 1019 4017 ἐπεὶ
1040 3952 1208 4038 μάρτῠρὲς
1233 3957 1340 4040 γετῷ
1363 3955 1459 4018 Πλά-

317 4084 399 4127 τωνι
435 4061 579 4147 (putanti
612 4071 724 4146 potum
760 4081 818 4147 per
853 4061 1038 4150 pulmonem
1074 4063 1230 4147 transire)
1267 4066 1390 4128 sollici
1423 4085 1459 4128 τε

388 4266 413 4330 1)
431 4265 522 4331 Steph.
538 4266 606 4318 thes.
618 4265 664 4318 Gr.
677 4267 694 4318 l.
707 4267 748 4317 ed.
760 4267 848 4320 Paris.
860 4267 903 4320 III
916 4284 942 4333 p.
954 4270 1019 4320 1269
1028 4267 1058 4318 Ο.
1104 4268 1131 4330 2)
1143 4268 1184 4319 Of.
1199 4268 1342 4319 Schmidtii
1355 4267 1415 4318 adn.

318 4331 344 4398 3)
362 4333 455 4384 Laert.
473 4335 552 4398 Diog.
573 4333 611 4383 lX
628 4336 670 4388 66.
755 4334 783 4399 4)
806 4335 920 4386 Nonnus
938 4336 1019 4390 Dion.
1041 4336 1144 4387 XLVII
1167 4339 1200 4387 39
1222 4327 1460 4400 sollicitasti

318 4400 453 4469 κοίρανον
465 4395 610 4470 ἡμερίδων
623 4393 706 4469 ὀλίγῃ
717 4400 839 4464 ξείνισσε
850 4399 976 4469 ,τραπέζῃ
989 4405 1124 4469 (Icarius).
1156 4403 1198 4453 Cf.
1212 4403 1271 4456 Tib.
1285 4403 1323 4454 IV
1338 4406 1359 4466 1,
1372 4406 1387 4454 'l
1398 4420 1458 4470 sqq.
