3354 5076
309 403 330 465 6
777 398 988 451 uuacvruvs

310 570 452 652 diversa,
475 566 578 631 veluti
601 567 688 652 apud
712 567 809 631 Paus.
836 566 889 630 IX
903 567 991 650 20‚3
1014 568 1084 632 ἔστι
1107 563 1137 630 δ’
1159 563 1320 650 Ὠρίωνος
1339 569 1455 649 μνῆμα

311 681 350 744 έν
377 676 535 763 Τανάγρᾳ
557 676 613 740 καὶ
642 675 720 760 ὅρος
747 674 923 761 Κηρύκιον
951 677 1037 741 ἔνθα
1062 673 1187 761 Ἑρμῆν
1214 679 1377 760 τεχθῆναι
1399 677 1456 741 λέ-

309 789 443 874 γουσι’)
480 797 513 852 et
544 787 634 873 apud
667 787 823 852 Philostr.
851 787 956 872 lmag.
985 785 1002 849 I
1033 786 1076 850 26
1103 789 1160 872 qui
1189 785 1367 873 Olympum
1395 809 1454 872 pro

310 898 447 985 Cyllene
468 906 707 962 commemorat.
745 898 796 961 De
819 897 952 961 furandi
969 896 1122 982 cupidine
1137 895 1300 961 Mercurio
1322 897 1455 983 propria

309 1032 342 1074 v.
366 1004 491 1072 Preller
512 1005 747 1092 Real-Encycl.
771 1004 830 1071 der
852 1005 947 1071 class.
972 989 1064 1074 AW.
1087 1006 1137 1071 IV
1159 1029 1190 1094 p.
1216 1006 1308 1070 1848.
1331 1005 1455 1090 griech.

310 1117 416 1205 Myth.
440 1117 457 1181 I
479 1140 512 1202 p.
534 1117 608 1181 313.
646 1115 801 1181 Welckcr
822 1115 944 1200 gricob,
968 1115 1109 1180 Gotterl.
1133 1116 1150 1179 Ι
1173 1140 1205 1201 p.
1221 1115 1284 1181 346
1300 1139 1347 1202 sq.
1371 1115 1407 1180 ll
1422 1140 1453 1202 p.

310 1229 371 1291 461
388 1248 458 1312 sqq.
499 1227 551 1290 De
574 1226 739 1311 subreptis
763 1225 905 1311 denique
920 1224 1084 1311 Apollinis
1105 1226 1213 1290 bubus
1237 1225 1334 1312 primi
1356 1235 1455 1291 testes

311 1346 388 1402 sunt
419 1345 568 1400 auctores
598 1335 793 1420 Eoearum²)
827 1335 1005 1421 hymnique
1036 1334 1218 1399 Homerici:
1253 1337 1309 1422 qui
1342 1345 1456 1423 postea

311 1448 395 1512 hanc
416 1445 564 1510 fabulam
587 1447 810 1526 tractaverint,
833 1453 1002 1509 enumerat
1024 1442 1186 1510 Prellcrus
1208 1445 1330 1530 grieeh.
1349 1446 1455 1534 Myth.

310 1557 328 1621 Ι
350 1580 383 1642 ρ.
406 1555 469 1620 298
485 1577 532 1641 sq.
570 1553 620 1620 Of.
644 1554 683 1619 Ο.
706 1553 826 1618 ΜϋΙΙοι
848 1553 1035 1620 Handbuch
1059 1555 1119 1619 der
1141 1554 1241 1620 Arch.
1265 1555 1324 1620 der
1346 1557 1456 1621 Kunst

311 1671 331 1749 ὅ
355 1666 428 1748 381,
450 1667 481 1730 5.

364 1805 369 1816 ,
396 1774 450 1840 Ad
473 1797 605 1840 carmon
628 1774 783 1840 Mercurii
812 1775 941 1840 nomine
968 1774 1160 1860 insignitum
1187 1774 1268 1841 haec
1294 1776 1457 1861 pertinere

311 1885 381 1950 iuro
398 1886 513 1950 statuit
523 1884 694 1950 Valesius:
709 1886 909 1950 conveniunt
924 1893 1012 1949 certe
1026 1885 1231 1970 inscriptioni
1246 1909 1351 1972 neque
1367 1887 1456 1951 aliud

312 2016 393 2082 opus
417 1993 703 2059 Eratosthenicum
727 2017 791 2081 quo
814 1994 960 2060 scholion
981 2005 1057 2080 apte
1079 1995 1204 2060 referas
1226 1996 1322 2061 nobis
1345 2006 1457 2061 notum

313 2115 373 2171 est.
409 2105 549 2172 Accedit
572 2105 661 2191 quod
681 2103 808 2170 Valesii
831 2105 1027 2192 sententiam
1049 2103 1192 2193 amplexi
1210 2107 1387 2191 fragmenti
1408 2106 1457 2170 IV

312 2214 517 2303 probabilem
539 2215 757 2280 nanciscimur
779 2214 1038 2301 explicationem.
1074 2293 1079 2301 Ι

867 2400 903 2464 II

398 2526 480 2592 Ach.
505 2527 578 2590 Tat.
606 2527 641 2589 in
669 2527 725 2592 Ar.
751 2550 782 2612 p.
810 2527 869 2592 146
892 2529 921 2591 r]
949 2528 1027 2612 περὶ
1055 2529 1092 2592 δὲ
1119 2529 1243 2594 τούτου
1271 2531 1327 2615 (de
1354 2531 1457 2596 lacteo

314 2635 449 2718 circulo)
474 2633 579 2719 φησὶν
599 2633 839 2726 Ἐρατοσθένης
862 2637 901 2701 έν
921 2636 968 2723 τῷ
986 2641 1279 2725 Καταστερισμῷθ)
1303 2639 1458 2724 μυθικώ-

315 2769 424 2829 τερον,
447 2743 506 2809 τὸν
528 2746 690 2827 γαλαξίαν
712 2743 842 2810 κύκλον
863 2747 1039 2829 γεγονέναι
1063 2748 1099 2812 έκ
1115 2752 1176 2812 τοῦ
1198 2753 1257 2832 τῆς
1269 2748 1375 2833 Ἥρας
1396 2753 1457 2834 ηολ-

316 2860 451 2931 λακτος·
492 2859 553 2920 τοῦ
586 2852 651 2938 γὰρ
679 2851 883 2940 Ἡρακλέους
915 2858 964 2922 έτι
996 2858 1147 2943 βρέφους
1179 2857 1277 2935 ὄντος
1310 2861 1365 2924 καὶ
1398 2861 1459 2926 τὸν

315 2961 443 3048 μαστὸν
465 2967 523 3047 τῆς
534 2962 640 3048 Ἥρας
663 2965 938 3048 ἐπισπασαμένου
953 2969 1186 3051 σφοδρότερον
1208 2969 1342 3054 ἐκείνην
1363 2968 1459 3035 ἄντι-

316 3074 453 3156 σπάσαι,
476 3074 533 3138 καὶ
555 3071 662 3150 οὕτως
684 3076 925 3159 περιχυθέντος
946 3081 1007 3140 τοῦ
1029 3077 1195 3160 γάλακτος
1217 3081 1346 3143 κύκλον
1367 3081 1456 3163 γενέ-

317 3191 399 3250 σθαι
414 3186 585 3268 παγέντος.
619 3183 663 3251 τὸ
687 3184 728 3249 dl
744 3183 841 3250 αὐτὸ
857 3187 923 3250 καὶ
946 3184 1009 3250 ἐπὶ
1025 3183 1249 3270 τοῦἛρμοῦ
1272 3190 1458 3274 λέγεινε-

306 3279 519 3380 Δηἰνῆσθαι
533 3291 836 3380 Ἐρατοσθένης,
858 3293 908 3372 ὣς
928 3294 1005 3379 ἄρα
1021 3291 1039 3360 ὁ
1053 3294 1194 3381 Ἑρμῆς
1213 3300 1285 3362 τοῦ
1303 3303 1459 3382 μαστοῦ
1522 3307 1526 3317 “

317 3403 815 3489 τῆςἭραςέπεσπασατο.
854 3445 859 3455 -

402 3515 491 3600 Hyg.
515 3516 555 3580 de
577 3524 656 3580 astr.
671 3517 763 3581 1143
787 3517 958 3583 Praetereo
978 3520 1151 3584 odeaditar
1172 3521 1307 3586 circulus
1329 3523 1460 3604 quidum

317 3628 352 3690 ιἰι
373 3626 528 3690 sideribus
555 3627 687 3691 candido
709 3627 821 3708 colore,
850 3648 940 3709 ραοκι
968 3629 1099 3694 lacteum
1121 3650 1183 3694 esse
1205 3633 1351 3697 κοκκυλλι·
1373 3633 1457 3698 dise-

316 3740 401 3800 ruat.
460 3735 740 3801 Eratosthenes
780 3739 881 3802 enim
922 3739 1265 3805 dieit‘Mercario
1308 3743 1460 3822 iafaati

312 3867 436 3942 μασνρ
463 3847 628 3911 inscium
661 3847 848 3912 Ιακοκιαι
879 3848 1031 3913 dedisse
1059 3850 1135 3914 iac:
1162 3851 1228 3914 sed
1248 3856 1460 3933 postquam

317 3976 400 4020 οκκι
430 3958 616 4021 rescierit
648 3955 781 4021 Maiae
811 3958 946 4038 filiurn
977 3978 1074 4036 esse,
1108 3961 1290 4025 reiecisse
1325 3983 1407 4026 ααιυ
1438 3983 1459 4025 α

317 4086 368 4144 se,
396 4067 511 4130 etita
533 4067 647 4131 laetis
662 4067 824 4149 prolusi
844 4069 1086 4150 splendorem
1107 4070 1214 4134 inter
1235 4072 1368 4135 sidera
1389 4091 1457 4151 ap·

312 4196 465 4258 parcre.

387 4363 412 4429 1)
432 4365 464 4415 cf.
484 4365 552 4416 VIII
570 4367 665 4429 so,10.
718 4366 746 4430 2)
764 4366 827 4418 Ant.
841 4367 902 4417 Lib.
915 4370 955 4421 23.
986 4367 1067 4418 Hunc
1078 4364 1201 4430 mythum
1214 4381 1246 4416 ex
1259 4368 1458 4429 antiquissimis

317 4448 376 4487 esse
393 4448 469 4484 nemo
487 4433 583 4485 nescit.
645 4433 671 4498 3)
690 4435 733 4486 Ita
751 4451 800 4500 pro
818 4433 1020 4504 καταμερισμῷ
1038 4450 1086 4486 em.
1104 4435 1291 4500 Koppiersius.
1319 4436 1351 4492 V.
1369 4453 1396 4504 p.
1415 4439 1456 4493 67,
