3354 5076
331 301 374 363 50
798 298 1009 351 MEROVRIVS

332 469 469 533 eandem
492 491 560 533 rem
582 468 696 532 eodem
718 466 790 533 loco
814 467 910 532 simul
932 469 1012 532 iter
1035 465 1146 531 lovis
1169 467 1294 531 dixisse
1310 489 1475 553 nunquam

332 579 409 643 mihi
437 577 652 666 persuadebo.
697 579 835 643 Accedit
864 577 963 642 aliud.
1014 577 1213 642 Narraverat
1239 577 1474 666 Eratosthenes

332 691 365 753 in
389 711 425 753 eo
448 691 591 753 carmine
614 689 741 774 dequo
764 689 907 772 agimus,
937 687 1139 757 Mercuri-0
1162 689 1321 752 Iunonem
1344 686 1475 751 dedisse

331 799 382 863 lac
410 801 465 884 (fr.
489 798 554 883 ΙΙ),
582 798 742 885 simulque
770 799 927 876 finxerat,
957 798 1154 862 Mercurium
1180 799 1228 861 ἔτι
1250 799 1330 862 νέον
1349 796 1474 861 caelum

332 909 561 974 conscendisse
584 910 639 993 (fr.
662 908 758 992 XV).'
801 907 971 988 Quomodo
993 909 1094 992 igitur
1122 908 1174 970 vel
1197 909 1231 971 in
1253 909 1379 992 poetica
1401 929 1473 970 nar-

331 1022 458 1083 ratione
479 1014 617 1103 c'ogitari
639 1020 762 1104 potuit,
792 1019 886 1082 brevi
908 1026 1054 1104 tempore
1076 1039 1118 1081 ex
1147 1017 1230 1081 lacte
1252 1017 1387 1102 Iunonis
1411 1018 1474 1080 iter

328 1127 560 1193 immortalium
581 1128 623 1192 ad
647 1128 768 1193 Oceani
791 1129 898 1192 fontes
909 1131 933 1215 ¹)
957 1128 1078 1194 factum
1102 1129 1196 1193 esse?

414 1239 465 1303 De
487 1237 590 1302 altera
612 1238 753 1323 denique
775 1238 925 1324 galaxiae
946 1237 1165 1324 appellatione
1187 1239 1285 1321 (quod
1298 1259 1395 1303 cornu
1417 1236 1472 1321 op

323 1350 424 1431 pellat
444 1349 615 1434 hucusque)
632 1348 797 1433 Bergkius
820 1348 899 1412 haec
923 1347 1062 1433 profert:
1086 1349 1163 1429 „ein
1184 1350 1316 1412 aweiter
1337 1350 1401 1411 mir
1415 1371 1470 1411 un·

293 1471 298 1480 '
328 1459 513 1524 bekannter
542 1458 646 1521 Name
676 1479 743 1522 war
770 1458 870 1539 κέρας
903 1457 973 1539 (die
1002 1457 1122 1522 nithere
1149 1457 1390 1542 Bestimmung‚
1419 1457 1473 1522 die

329 1592 404 1632 man
428 1570 592 1649 vermisst‚
614 1570 658 1632 ist
682 1570 715 1631 in
738 1566 812 1632 dem
835 1565 1001 1630 sinnlosen
1016 1569 1173 1647 hucusque
1187 1567 1380 1652 entlndten),
1405 1590 1470 1632 was

327 1679 534 1742 anzudeuten
557 1677 694 1760 scheint,
718 1677 793 1741 dass
817 1699 890 1740 man
914 1677 967 1741 die
988 1657 1225 1742 Milchstrasse
1237 1679 1305 1765 sich
1329 1677 1377 1742 als
1400 1680 1471 1742 eine

328 1787 532 1874 Lichtquelle
555 1789 689 1869 dachte,
720 1810 778 1851 aus
807 1787 867 1850 der
889 1788 941 1849 ein
964 1787 1103 1869 reichcr,
1131 1787 1252 1852 breitcr
1275 1789 1381 1852 Strom
1401 1787 1471 1851 sich

329 1899 502 1981 er·giesst.“
539 1899 612 1962 Non
634 1896 900 1978 contradicerem,
923 1897 988 1960 nisi
1009 1895 1111 1960 multo
1133 1898 1311 1984 simplicior
1334 1899 1389 1963 via
1410 1898 1469 1978 sol

328 2009 454 2074 rendae
476 2010 571 2072 liuius
594 2008 794 2093 quaestionis
817 2016 948 2092 praesto
971 2018 1067 2071 esset.
1112 2009 1267 2094 Suspicor
1289 2010 1391 2092 enim,
1414 2018 1470 2072 aut
1522 2036 1525 2048 ι

161 2126 162 2129 ’
274 2176 276 2180 .
326 2120 361 2180 in
387 2141 425 2182 eo
453 2117 599 2181 Philonis
627 2115 807 2202 exemplari
834 2138 903 2202 quo
926 2115 1086 2202 interpres
1123 2117 1296 2181 Armenius
1323 2127 1469 2183 uteretur

328 2227 453 2292 librarii
477 2248 584 2291 errore
606 2228 706 2308 κέρας
733 2248 792 2311 pro
821 2227 942 2308 τέρας
964 2226 1122 2313 scriptum
1146 2227 1264 2307 fuisse,
1293 2229 1379 2292 aut
1371 2236 1468 2292 mter·

327 2346 453 2424 pretam
475 2335 577 2401 oculis
601 2336 717 2422 decept
717 2358 772 2399 um
795 2336 879 2400 falso
901 2339 948 2400 ita
970 2335 1100 2421 legisse
1141 2336 1237 2419 τέρας
1259 2348 1368 2403 autem
1392 2337 1469 2426 luci-

327 2448 388 2512 dus
420 2446 572 2532 galaxiae
604 2445 745 2510 circulus
781 2429 803 2510 a
832 2445 997 2510 Mercurio
1029 2454 1105 2532 apte
1138 2446 1212 2509 dici·
1238 2449 1393 2533 potuit.²)
1430 2488 1466 2496 -

326 2557 447 2621 Errore
461 2557 559 2622 etiam
575 2557 731 2636 hucusque
746 2553 827 2618 illud
843 2564 950 2619 ortum
966 2577 1037 2619 esse
1051 2564 1201 2642 apparet:
1219 2556 1469 2623 Eratostlreniea

324 2671 465 2732 fortasse
493 2667 584 2750 fuere
604 2669 702 2750 τέρας
730 2663 770 2740 ἐς
796 2664 867 2730 τόδ
875 2688 890 2729 ε
914 2665 1103 2752 (pendentia
1124 2689 1144 2730 a
1166 2667 1268 2732 verbo
1291 2668 1390 2732 eundi
1413 2678 1469 2734 aut

326 2776 492 2860 videndi),
515 2779 573 2860 „in
595 2776 678 2839 hanc
700 2776 882 2842 mirabilem
905 2776 1082 2861 speciem.“

370 2899 374 2916 “
410 2886 505 2966 Quae
533 2888 561 2950 si
590 2895 678 2950 recte
708 2885 966 2971 disputavimus,
1000 2886 1034 2948 in
1060 2887 1286 2952 Eratosthenis
1319 2897 1467 2974 poemate

325 2997 550 3061 Mercurius
588 2998 674 3060 dum
708 2995 905 3064 caelestes
938 2997 1127 3080 regiones
1161 2997 1261 3060 visit
1292 3000 1467 3064 miratur

324 3105 499 3170 lucidam
522 3107 698 3192 speciem
721 3128 835 3191 quam
859 3106 946 3187 ipse
969 3128 1042 3168 non
1065 3107 1188 3170 multo
1211 3118 1330 3173 antea
1352 3108 1464 3172 Iuno-

324 3221 385 3281 nis
409 3218 583 3280 mammis
607 3215 820 3302 appositus
847 3213 1058 3279 effecerat.

839 3451 943 3517 XVII
1041 3503 1043 3509 .

407 3597 498 3662 Theo
521 3599 585 3661 Sin.
610 3621 642 3683 p.
669 3594 835 3660 16531111.
859 3595 916 3677 (cf.
940 3594 1055 3678 fragm.
1080 3589 1161 3679 XV)
1196 3595 1358 3678 Τιμόθεός
1381 3615 1463 3682 φησι

322 3710 377 3772 καὶ
406 3709 588 3789 παροιμίαν
617 3701 788 3788 εἶναιτὴν
811 3700 1079 3785 ,,ποίνταόκττο’“
1108 3701 1164 3767 διὰ
1188 3703 1224 3769 τὸ
1252 3709 1313 3769 τοῦ
1335 3703 1463 3792 κόσμον

322 3817 380 3894 τοὶς
402 3817 510 3892 πάσας
539 3812 624 3880 ὀκτώ
652 3817 798 3898 σφαίρας
825 3811 901 3893 περὶ
930 3811 994 3895 γῆν
1016 3817 1246 3878 nunterston
1263 3816 1353 3881 καθά
1381 3836 1463 3901 φησι

321 3929 377 3991 καὶ
397 3925 638 4010 Ἐρατοσθένης

361 4103 378 4106 ..
385 4103 457 4110 ---.-..
474 4103 523 4109 ι.---

389 4200 650 4284 1)V.Bergk1.c
669 4217 694 4265 p,
712 4202 770 4250 411
834 4198 881 4277 2)
880 4195 980 4248 Aratus
993 4198 1127 4262 gulanam
1144 4199 1329 4277 descripturus
1345 4201 1460 4280 (Phaen

319 4269 381 4331 473)
405 4269 434 4319 sl
447 4266 516 4320 ποτέ
535 4286 578 4320 τοι
591 4266 685 4346 τῆμό
671 4269 720 4318 ads
740 4263 802 4328 περὶ
827 4261 934 4346 φρένας
953 4265 1030 4317 ικετο
1049 4267 1152 4332 θανμα
1176 4261 1346 4336 σκεψαμένῳ
1367 4263 1460 4337 πάντῃ
1530 4325 1533 4332 ⁴

319 4330 513 4404 αεκεασμὲνον
533 4352 609 4402 siper
629 4330 722 4388 κύκλοι
741 4329 866 4402 ου’ρανόν
884 4336 942 4389 κτλ
