3324 5074
692 320 895 375 AN'I'ERINYS
1329 317 1369 385 93

311 489 433 555 Vocem
456 489 594 576 λαρινὸς
615 513 634 554 a
657 501 745 555 certo
768 489 998 576 quodam-loco
1022 491 1165 554 derivari
1187 514 1251 555 non
1275 513 1370 576 posse

225 612 370 686 apparet.
408 601 531 666 Verum
553 603 654 685 igitur
676 601 909 665 Eratosthenes
932 602 1085 664 statuisse
1106 602 1287 665 censendus
1310 603 1370 682 est,

226 731 298 772 cum
321 710 482 778 vocabulo
505 710 689 796 generalem
712 733 841 775 sensum
858 711 1025 775 tribueret.
1063 711 1128 775 Sed
1150 711 1192 774 ab
1214 732 1287 774 usu
1309 708 1368 773 lin-

224 842 319 904 guae
333 821 500 885 discessit:
523 843 599 884 nam
620 819 758 902 λαρινός
780 821 848 884 fere
871 820 972 884 solum
997 822 1037 885 de
1052 820 1159 884 bubus
1181 828 1370 905 usurpatum

225 929 328 994 fuisse
352 951 393 994 ex
415 931 495 1016 ipsis
518 930 584 993 illis
600 930 741 994 diversis
757 928 1031 1016 explicationibus
1046 930 1254 1016 perspicuum
1275 929 1369 1012 est.¹)

162 1082 167 1088 μ
227 1040 424 1124 Cogitabant
446 1049 565 1120 autem,
588 1063 658 1104 curn
683 1041 723 1104 de
739 1039 864 1124 origine
880 1038 1031 1106 vocabuli
1047 1039 1239 1105 subobscuri
1262 1040 1370 1126 posita

226 1159 311 1214 esset
339 1143 503 1235 quaestio,
533 1150 574 1213 de
601 1149 780 1235 Epiroticis
808 1150 915 1214 bubus
944 1150 1130 1214 coniectura
1159 1150 1238 1214 satis
1267 1147 1369 1228 facili,

226 1261 303 1345 quia
324 1268 402 1324 nota
425 1270 493 1324 erat
516 1281 627 1324 eorum
649 1259 851 1345 praestantia
880 1268 913 1323 et
934 1260 1140 1344 magnitudo.
1185 1259 1267 1323 Cum
1290 1280 1368 1323 vero

225 1368 385 1432 intereos
409 1369 587 1433 eminerent
610 1367 803 1452 Oestrini²),
830 1390 896 1432 non
918 1369 1102 1433 mirandum
1129 1379 1178 1432 est
1200 1368 1288 1454 quod
1310 1366 1368 1430 hos

225 1479 428 1564 potissimum
457 1477 587 1540 nomine
614 1477 670 1542 illo
699 1477 896 1562 significatos
925 1499 997 1542 esse
1025 1481 1211 1542 censebant.
1255 1477 1392 1563 Neque¹

225 1587 349 1652 diversi
372 1589 413 1652 ab
436 1587 486 1651 his
502 1588 639 1652 Chaonii
660 1588 763 1651 boves
786 1596 876 1651 sunt:
900 1611 976 1652 nam
998 1591 1162 1672 regionem
1184 1586 1368 1652 Oestrinam

226 1719 245 1760 a
272 1696 434 1760 nonnullis
463 1720 522 1783 pro
551 1697 716 1762 Chaoniae
746 1707 839 1783 parte
868 1697 1014 1762 habitam
1043 1701 1129 1782 esse,
1161 1697 1369 1783 cognoscitur

224 1828 296 1870 oum
319 1829 361 1870 ex
376 1805 499 1871 scholio
519 1808 646 1871 anobis
662 1809 828 1893 exscripto
850 1818 919 1872 tum
935 1830 952 1870 e
968 1808 1080 1895 Steph.
1104 1831 1135 1872 v.
1158 1795 1274 1890 Tpot'u:
1299 1807 1369 1870 ἔστι

225 1913 281 1979 καὶ
304 1917 402 1991 πόλις
425 1915 463 1980 ἐν
487 1919 631 2003 Κεστρίᾳ
654 1919 712 2001 τῆς
726 1919 918 2002 Χαονιάς.3)
956 1919 1071 2004 Itaque
1087 1915 1234 1983 nonnulli
1257 1916 1368 1981 eloco

225 2025 363 2110 quodam
388 2047 498 2089 earum
521 2029 689 2110 regionum
713 2027 814 2090 boves
837 2049 954 2090 nomen
977 2030 1141 2115 accepisse
1163 2025 1366 2090 arbitraban-

224 2137 538 2200 turz'narrationem
566 2136 608 2199 de
635 2136 756 2200 Larino
786 2138 980 2200 armentario
1008 2149 1121 2223 poetae
1148 2135 1285 2200 alicuius
1312 2135 1365 2200 vel

224 2246 453 2331 mythographi
480 2247 613 2310 invento
636 2245 748 2309 deberi
770 2245 885 2309 elucet.
894 2247 920 2330 ⁴)
965 2246 1052 2311 Satis
1075 2255 1185 2310 autem
1210 2244 1374 2312 credibile.

225 2364 274 2419 est
296 2355 383 2440 quod
413 2356 513 2420 tradit
540 2354 699 2419 Aelianus
728 2355 782 2436 (de
808 2367 875 2420 nat.
900 2378 952 2420 an.
977 2355 1047 2420 XII
1073 2357 1143 2440 11),
1172 2357 1259 2442 ipsos
1288 2356 1387 2442 Epir

224 2475 311 2530 rotas
334 2466 604 2550 significationem
628 2464 718 2529 illam
741 2466 836 2529 boum
860 2489 992 2530 suorum
1012 2488 1188 2552 usurpasse
1204 2465 1363 2531 fabulam-

224 2596 286 2661 que
309 2575 350 2639 de
374 2597 483 2639 eorum
506 2576 631 2660 origine
653 2598 673 2638 a
690 2573 853 2661 Geryonis
877 2577 984 2642 bubus
1007 2577 1105 2641 ducta
1127 2577 1322 2640 narravisse.

292 2815 318 2880 1)
337 2816 377 2866 cf.
395 2815 520 2880 Xenoph.
540 2816 611 2881 apud
630 2816 690 2865 Ath.
710 2815 749 2865 IX
767 2833 792 2880 p.
812 2816 862 2866 368
875 2816 904 2866 F.
940 2815 985 2866 Ar.
1004 2817 1068 2866 Pac.
1081 2831 1122 2867 vs.
1135 2818 1192 2866 925.
1222 2813 1365 2880 Metepho·

224 2886 280 2933 rice
290 2885 490 2948 Aristophanes
502 2883 553 2932 hac
566 2899 631 2934 voce
645 2884 733 2940 utitur
744 2883 794 2932 Av,
806 2886 865 2932 465.
911 2881 938 2949 2)
952 2884 1040 2934 Sohol.
1053 2883 1135 2934 Arist.
1148 2883 1210 2932 Pac.
1223 2885 1281 2932 925.
1300 2884 1364 2933 Hes.

224 2969 248 3002 v.
267 2949 448 3018 Κεστρινικοὶ
468 2944 542 3016 βόες.
645 2951 671 3015 3)
693 2951 779 3001 Futili
800 2957 832 3001 ut
849 2951 954 3000 videtur
977 2953 1087 3000 invento
1110 2950 1180 3016 apud
1197 2949 1365 3013 Hesychium

224 3018 346 3069 Chaonia
364 3019 517 3082 antiquis
537 3019 742 3084 temporibus
761 3019 886 3070 Castrina
905 3018 1045 3085 appellata
1058 3019 1142 3070 fuisse
1155 3016 1319 3082 perhibetur.
1392 3027 1406 3048 ⁸

223 3086 250 3146 4)
270 3087 313 3138 Cf.
331 3087 395 3136 Ant.
414 3086 475 3135 Lib.
493 3103 518 3149 p,
537 3087 594 3147 205,
615 3089 644 3136 13
663 3087 747 3139 West.
779 3086 920 3151 Oppianus
938 3085 1005 3150 Cyn.
1024 3087 1051 3135 ΙΙ
1070 3089 1118 3136 109
1131 3102 1188 3151 sqq.
1210 3087 1291 3135 boves
1312 3087 1365 3150 Sy-

224 3155 335 3204 riacos
354 3155 402 3218 qui
414 3155 485 3202 circa
503 3153 606 3204 Pellam
619 3155 798 3218 pascebantur
815 3170 832 3203 a
844 3154 930 3218 bubus
944 3154 1079 3218 Geryonis
1097 3159 1172 3204 ortos
1183 3167 1243 3204 esse
1261 3157 1363 3203 narrat.
