3324 5074
708 1216 1105 1292 ERATOSTHENIS

807 1400 885 1451 ovas·
900 1399 1011 1442 marva
1084 1387 1088 1396 '

481 1535 707 1602 EPISTVLA
732 1536 797 1601 AD
824 1534 1141 1601 PTOLEMAEVM
1171 1534 1332 1601 REGEM

726 1648 801 1698 ovn
820 1646 1089 1698 sarcasmum-a

422 1813 604 1900 Epistulam
620 1823 652 1878 et
668 1815 876 1900 epigramma,
890 1835 973 1900 quae
988 1814 1029 1878 de
1044 1813 1120 1878 cubi
1135 1815 1353 1900 duplicatione
1368 1823 1479 1898 agunt,

338 1923 528 1988 Eutoeius
545 1925 701 2004 servavit,
724 1924 764 1988 ad
782 1923 882 1990 Areh.
899 1922 939 1987 de
955 1922 1092 2010 sphaera
1108 1933 1140 1988 et
1156 1922 1219 2009 cyl.
1235 1923 1270 1987 ΙΙ
1286 1945 1318 2008 p.
1337 1923 1397 1986 144
1408 1945 1477 2008 sqq.

337 2031 414 2097 Tor.
462 2033 689 2119 Epigramma,
720 2034 807 2120 quod
837 2055 879 2098 ex
908 2032 970 2098 hoo
999 2031 1109 2097 libello
1131 2024 1316 2097 'excludere
1345 2043 1479 2119 propter

337 2141 496 2225 originem
518 2141 617 2227 vulgo
641 2142 670 2205 ei
685 2142 884 2228 adscriptam
906 2164 970 2207 non
993 2128 1094 2221 licuit,
1117 2141 1160 2206 ab
1175 2153 1245 2206 arte
1268 2152 1300 2206 et
1315 2140 1480 2225 elegantia

336 2251 551 2335 genuinorum
578 2273 732 2316 versuum
761 2253 922 2338 Cyrenaei
944 2260 1075 2337 poetae,
1102 2250 1155 2315 cui
1178 2251 1387 2336 κομψότητος
1408 2233 1490 2314 laus¹

336 2359 491 2425 tribuitur
511 2383 531 2424 a
546 2359 720 2425 Plutarcho
732 2361 757 2445 ¹)
782 2369 814 2424 et
836 2382 967 2425 carmen
988 2356 1045 2424 διὰ
1061 2361 1200 2424 πάντων
1222 2358 1401 2442 ἀμώμητον
1422 2358 1478 2423 ad·

337 2469 490 2534 scribitur
511 2470 545 2532 in
567 2451 676 2534 libello
698 2467 774 2552 περὶ
797 2464 954 2559 ὕψονςλ),
983 2475 1109 2534 tantum
1137 2468 1261 2534 distare
1283 2469 1362 2533 mihi
1384 2466 1477 2532 ride-

336 2588 405 2660 tur,
433 2587 470 2642 ut
497 2579 629 2643 credere
659 2599 723 2643 non
749 2579 872 2663 possim
899 2577 1125 2643 Eratosthenis
1154 2578 1217 2645 hoc
1244 2600 1315 2643 esse
1336 2599 1476 2644 carmen.

336 2691 461 2753 Auctor
482 2690 564 2770 eius,
587 2690 707 2775 quippe
729 2690 784 2774 qui
807 2710 858 2752 res
881 2709 960 2775 quas
983 2697 1104 2752 tractat
1129 2688 1272 2753 dilucide
1295 2690 1477 2776 exprimere

335 2808 484 2883 nequeat,
507 2799 624 2862 misere
646 2797 799 2879 balbutit,
820 2796 1092 2863 abundarverbis
1107 2820 1240 2885 prorsus
1256 2798 1381 2879 otiosis,
1405 2818 1476 2861 ver·

312 2907 450 2975 borum
473 2908 714 2972 constructione
742 2908 844 2971 utitur
869 2905 1105 2972 molestissima.
1150 2907 1286 2989 Fontes,
1318 2906 1476 2993 equibus

334 3017 493 3082 Eutocius
514 3018 549 3080 in
570 3016 800 3102 pertractando
822 3015 1021 3101 problemate
1035 3016 1091 3082 illo
1114 3017 1238 3100 hausit,
1262 3016 1411 3103 quamvis
1434 3038 1477 3080 ex

335 3135 428 3214 parte
444 3126 591 3211 egregios
606 3134 715 3200 tamen
735 3147 800 3190 non
820 3125 942 3212 ubique
962 3148 1060 3210 puros
1076 3126 1178 3192 fuisse
1193 3124 1413 3211 colligendum
1428 3126 1475 3190 vi·

330 3232 431 3301 'detur
445 3235 604 3323 imprimis
620 3257 662 3300 ex
679 3234 789 3301 verbis
805 3257 888 3321 quae
903 3245 979 3300 sunt
996 3259 1028 3323 p.
1047 3237 1108 3301 135
1123 3239 1260 3300 πολλῶν
1275 3219 1316 3300 δέ
1330 3237 1475 3300 κλεινῶν

335 3344 472 3430 ἀνδρῶν
486 3355 632 3428 γραφαῖς
655 3344 920 3429 έντετνχηκαμεν
942 3342 980 3410 τὸ
995 3347 1174 3430 πρόβλημα
1194 3350 1295 3410 τοῦτο
1312 3343 1475 3427 ἐπαγγελ-

335 3457 501 3539 λομέναις,
525 3443 574 3519 ῶν
594 3451 657 3537 τήν
679 3449 834 3531 Εὐδόξου
855 3457 916 3518 τοῦ
938 3454 1081 3519 Κνιδίου
1103 3455 1368 3539 παρητησοίμεθα
1390 3476 1474 3537 γρα-

335 3563 421 3649 φήν,
451 3563 567 3647 ἐπειδή
596 3579 678 3646 φησι
704 3561 767 3648 μὲν
795 3563 834 3628 ἐν
861 3567 1050 3648 προοιμίοις
1076 3556 1132 3628 διὰ
1160 3559 1345 3648 καμπύλων
1367 3585 1472 3646 γραμ-

334 3677 408 3756 μῶν
430 3669 539 3756 αὐτὴν
565 3668 764 3755 ηὑρηκέναι,
795 3673 833 3738 ἐν
855 3674 893 3738 δὲ
919 3677 960 3758 τῇ
983 3671 1151 3751 ἀποδείξει
1173 3671 1258 3756 πρδς
1285 3671 1323 3738 τδ
1350 3670 1395 3757 μὴ
1418 3693 1475 3736 κε-

335 3788 480 3869 χρῆσθαι
508 3780 698 3864 καμπύλοις
724 3793 891 3864 γραμμαῖς
918 3779 1003 3846 α’λλδ
1030 3784 1086 3846 καὶ
1114 3783 1321 3867 διῃρημένην
1349 3779 1474 3845 ἀναλο-

334 3898 412 3977 γίαν
435 3888 547 3978 εὑρῶν
571 3889 615 3967 ῶς
637 3901 774 3974 συνεχεῖ
792 3894 924 3975 χρῆται·
954 3889 1037 3980 ὅπερ
1058 3884 1102 3976 ἦν
1131 3887 1258 3956 ἄτοπον
1285 3888 1475 3975 ὑπονοῆσαι

335 4007 369 4068 τί
394 4004 479 4086 λέγω
506 4001 585 4085 περὶ
614 3997 781 4078 etoleno:
817 3998 901 4066 ἀλλὰ
935 4003 1012 4085 περὶ
1041 4006 1110 4065 τῶν
1139 4000 1196 4066 καλ
1228 4002 1370 4083 μετρίως
1398 4001 1476 4084 περὶ
1593 4022 1602 4040 ·

333 4113 541 4195 γεωμετρίαν
563 4106 852 4195 ἀνεστραμμένον.
891 4102 1047 4176 Dubitari
1060 4113 1172 4196 nequit
1194 4111 1273 4198 quin
1294 4111 1476 4174 rectissime

334 4222 492 4286 Eutooius
521 4220 737 4302 contenderit,
767 4231 835 4284 tam
868 4232 979 4308 turpes
1012 4243 1136 4285 errores
1167 4220 1307 4286 Eudoxo
1339 4220 1476 4285 attribui

334 4376 536 4388 ..-.————

404 4457 428 4524 1)
446 4473 473 4508 v.
494 4443 594 4524 pstor.
664 4458 690 4522 a)
708 4474 732 4509 v.
753 4475 778 4525 p.
797 4461 837 4510 or.
