3354 5076
658 351 874 412 nnnovarrs'
913 345 917 357 '
1292 358 1333 420 29

185 527 397 614 Ἀργαφίηςῑζ
418 526 435 592 ὁ
459 527 651 612 Παρθένιος
678 526 762 592 ἄνευ
790 531 852 592 τοῦ
880 550 900 611 y
922 532 994 592 κτλ.
1038 528 1103 592 Sed
1132 550 1172 591 ne
1195 530 1242 593 sic
1264 530 1333 614 qui·

186 639 266 704 dem
288 637 311 723 ἢ
332 638 418 726 quod
442 638 589 725 sequitur
612 635 711 701 uliam
734 638 879 718 admittit
901 639 1213 724 interpretationem.

277 749 387 830 Quare
409 771 482 812 cum
510 747 679 835 Sylburgii
707 749 866 814 sententia
893 769 957 811 non
980 747 1054 813 talis
1078 749 1121 812 sit
1147 758 1184 812 ut
1206 770 1333 812 omnem

186 858 419 924 difficultatem
440 866 617 940 removeat,
640 859 784 923 omnium
807 861 981 923 maximam
1000 859 1240 942 probabilitatis
1264 882 1334 945 spe-

186 973 273 1035 ciem
298 969 451 1035 Sturzii
474 969 659 1033 coniectura
685 956 804 1032 habere
833 956 911 1032 mihi
940 968 1085 1032 videtur:
1116 990 1173 1055 pro
1197 970 1335 1053 Παρμέ-

187 1104 264 1156 νιος
284 1077 531 1144 rescribendum
554 1100 625 1142 esse
647 1082 685 1142 Π
688 1079 946 1162 αρρίενίσκος.
958 1078 982 1163 ¹)
1026 1079 1118 1145 Dicit
1139 1079 1243 1163 igitur
1264 1088 1332 1161 ety-

186 1188 356 1276 mologus‚
384 1198 555 1275 postquam
583 1211 602 1250 a
625 1190 754 1273 poetis
784 1199 961 1275 utramque
983 1185 1118 1252 sormam
1142 1198 1333 1274 usurpatam

187 1323 263 1364 esse
285 1299 441 1382 ostendit,
463 1321 483 1362 a
498 1299 704 1365 Parmenisco
719 1303 930 1383 grammatico
950 1295 1112 1382 Ἀργαφίη
1128 1300 1231 1383 magis
1247 1321 1333 1364 com-

187 1409 340 1474 mendari
362 1430 401 1472 ac
423 1429 481 1496 pro
503 1411 645 1492 genuina
667 1408 771 1472 forma
792 1408 904 1473 haberi
929 1409 999 1473 sive
1021 1417 1057 1472 ut
1079 1410 1221 1495 antiquis
1238 1431 1333 1474 uoca-

188 1507 277 1585 bulis
301 1529 374 1585 utar
395 1543 438 1584 ex
453 1519 654 1584 Parmenisci
677 1519 839 1582 sententia
857 1514 1020 1602 Ἀργαφίη
1043 1541 1114 1582 esse
1135 1496 1176 1583 ud
1195 1517 1334 1599 ἀπαθές,

187 1628 226 1694 τό
249 1630 412 1714 γνήσιον,
439 1639 536 1716 atque
563 1629 640 1692 inde
666 1626 751 1692 κατὰ
773 1625 987 1712 πλεονασμὸν
1013 1638 1118 1693 ortum
1146 1650 1218 1693 esse
1241 1632 1334 1713 Γαρ-

188 1743 309 1824 γαφίη.
346 1731 500 1804 Fortasse
515 1739 742 1804 Parmeniscus
759 1738 880 1825 inipso
901 1737 956 1801 ilio
972 1738 1124 1804 Mercurii
1141 1760 1239 1804 versu
1257 1736 1334 1823 Ἀρ-

187 1853 315 1934 γαφίης
329 1858 366 1914 ut
381 1849 578 1914 scriberetur
593 1851 776 1936 praecepit3
799 1851 844 1913 ita
866 1858 977 1913 censet
992 1849 1157 1934 Bergkius
1179 1859 1211 1914 et
1225 1851 1333 1936 inde²)

188 1961 307 2025 statuit
328 1959 570 2022 Parmeniscum
593 1960 840 2024 commentarios
863 1959 904 2023 de
925 1959 1090 2023 Mercurio
1114 1961 1334 2046 composuisse

189 2070 338 2156 (Ztsehr.
360 2067 382 2132 f.
407 2068 439 2132 d.
461 2067 550 2133 AW.
577 2069 655 2132 1841
677 2093 709 2156 p.
725 2069 796 2158 80:
821 2070 878 2134 sed
901 2069 971 2133 fieri
994 2071 1091 2133 etiam
1113 2071 1218 2154 potnit
1240 2071 1332 2134 utin

188 2179 299 2266 aliquo
322 2179 405 2242 libro
427 2179 632 2264 grammatici
653 2181 835 2264 argumenti
858 2202 922 2266 quo
944 2173 1153 2246 Herodianus
1180 2200 1260 2243 usus
1283 2189 1333 2244 est

190 2291 248 2374 (ex
278 2290 340 2353 hoc
368 2288 453 2351 enim
482 2288 701 2375 etymologum
728 2311 787 2353 sua
809 2267 986 2375 sumpsisse
1008 2272 1223 2376 probabiliter
1248 2288 1332 2352 iudi·

189 2401 280 2465 cavit
307 2397 478 2482 Lentzius)
512 2399 681 2462 occasione
708 2400 784 2464 data
812 2399 853 2464 de
881 2398 971 2463 hisce
1003 2399 1189 2466 nominibus
1222 2409 1334 2484 ageret

189 2531 388 2595 versumque
420 2508 586 2572 emendari
618 2508 761 2591 iuberet,
795 2509 880 2573 sicut
912 2509 1010 2573 etiam
1043 2509 1265 2575 Herodianum
1299 2512 1332 2574 in

189 2620 274 2685 libro
298 2619 339 2683 de
362 2618 544 2682 monadicis
561 2640 789 2704 nonnunquam
813 2619 993 2704 scripturae
1016 2620 1223 2685 diversitates
1246 2643 1332 2685 com-

191 2749 373 2794 memorare
388 2726 549 2795 videmus.
587 2727 639 2790 Cf.
655 2753 686 2815 p.
701 2729 744 2790 25
766 2732 866 2792 τοῦτο
881 2726 947 2812 γὰρ
970 2720 1023 2811 „ui
1044 2730 1138 2804 τέκος
1153 2721 1173 2813 ἦ
1190 2729 1221 2812 ῥ’
1245 2732 1332 2812 cipu-

189 2836 257 2902 θὸν
273 2837 330 2902 κοιλ
346 2837 501 2921 ἐναίσιμα
517 2838 609 2921 ὃοῖρα
625 2839 806 2902 διδοῦναιιί
823 2839 1012 2922 ποιητικόν·
1037 2838 1149 2913 τινὲς
1170 2840 1213 2902 δὲ
1234 2837 1332 2904 αὐτὸ

191 2948 259 3011 καὶ
282 2945 348 3011 daci
371 2952 442 3011 τοῦ
466 2970 492 3011 ω
515 2949 711 3032 ἔγραφον,
750 2972 780 3034 p.
796 2949 837 3012 36
860 2947 942 3030 παρ’
963 2945 1144 3034 Ἀντιμάχῳ
1167 2947 1244 3032 „oiri
1267 2949 1334 3032 φοξ-

192 3081 267 3140 ρεος
294 3057 472 3140 χατέοῐισιν
499 3056 667 3134 ἑκόντες.“
719 3055 849 3134 οὕτως
877 3059 921 3124 ἐν
948 3068 1034 3135 τοϊς
1061 3056 1335 3144 ἀντιγράφοις

191 3165 373 3251 εὕρηται.
418 3191 450 3254 p.
473 3169 515 3232 39
543 3168 608 3232 εἰσὶ
636 3167 750 3250 μέντοι
778 3171 814 3233 οἳ
837 3169 893 3232 καὶ
922 3167 977 3234 διὰ
1004 3173 1065 3232 τοῦ
1092 3193 1113 3250 ν
1140 3169 1333 3253 γράφουσιν
1391 3194 1394 3200 ’

192 3279 320 3364 (vocem
337 3277 555 3362 κνέφαλλον).
595 3280 771 3346 ἔντισιν
794 3278 839 3342 ἐν
860 3281 1107 3354 Μαλθακοῖς
1123 3283 1332 3363 Κρατίνου

191 3387 459 3472 παρεφύλαξε
497 3369 727 3472 Σύμμαχος.
778 3410 810 3474 p.
839 3387 879 3450 41
919 3386 1056 3452 διὸκαὶ
1084 3385 1222 3468 τὸζόος
1250 3387 1331 3471 παρ’

194 3496 376 3582 Επιχάρμῳ
404 3497 445 3560 ολ
469 3499 640 3571 πλείους
675 3496 887 3579 ἐβάρννοιν
918 3498 1016 3580 „spic
1043 3494 1195 3582 ἀνεδόθη
1222 3499 1330 3578 ζόος.“

191 3606 263 3671 Ηοο
291 3608 392 3691 igitur
421 3607 620 3669 Parmenisci
648 3607 800 3692 opinione
827 3616 1077 3672 commemorata
1105 3607 1199 3673 addit
1228 3608 1331 3672 Hero·

102 3775 104 3780 .
191 3717 319 3798 dianna,
342 3715 489 3779 modeste
510 3737 548 3778 ac
564 3714 752 3779 dubitanter
774 3727 810 3780 ut
825 3715 952 3783 solebat
972 3740 1070 3802 agere
1086 3717 1126 3780 de
1144 3718 1331 3782 nominibus

191 3826 348 3914 propriis,
378 3826 518 3890 fortasse
545 3848 611 3890 non
643 3818 856 3908 πλεονασμὸν
883 3827 974 3893 vocis
1000 3824 1162 3910 Ἀργοιφιή
1189 3835 1330 3891 statuen-

192 3935 270 4000 dum
296 3957 383 4016 esse,
413 3936 471 4000 sed
499 3937 648 4014 ἔλλειψιν
678 3937 766 4001 vocis
795 3939 983 4021 Γαργαφιή.
1033 3937 1116 4000 Nam
1144 3934 1166 4019 ἢ
1194 3938 1331 4001 ἔλλει-

192 4057 258 4123 ψις
286 4045 493 4110 scribendum
521 4054 571 4108 est
598 4066 670 4109 cum
699 4045 769 4129 Vb,
803 4070 867 4111 non
894 4043 916 4130 ἢ
942 4043 962 4130 ἡ
990 4047 1136 4124 ἔλλειψις
1162 4069 1236 4111 cum
1264 4047 1331 4111 cdi·

190 4155 334 4221 tionibus
349 4178 455 4242 neque
469 4178 541 4219 cum
557 4155 702 4240 Bergkio
718 4159 774 4220 uui
789 4154 809 4240 ἡ
826 4153 971 4235 ἔλλειψις
984 4177 1089 4241 neque
1104 4178 1176 4220 cum
1193 4157 1332 4223 Lentzio

260 4330 285 4389 l)
305 4328 347 4378 cf.
367 4329 455 4400 Lenta
473 4329 507 4378 ad
526 4327 625 4380 Herod.
648 4328 675 4378 11
693 4345 719 4391 p,
740 4329 796 4378 187.
909 4328 938 4394 2)
961 4329 1002 4379 De
1021 4329 1077 4380 alio
1095 4333 1254 4394 argumento
1277 4346 1331 4402 quo

194 4394 329 4461 Bergkius
347 4397 375 4445 in
394 4396 446 4446 hac
464 4412 494 4446 re
513 4398 621 4458 nititur,
640 4395 742 4446 dicetur
760 4411 785 4462 p.
804 4397 844 4448 75.
