<?xml version="1.0" encoding="UTF-8"?>
<!DOCTYPE html PUBLIC "-//W3C//DTD XHTML 1.0 Transitional//EN"
    "http://www.w3.org/TR/xhtml1/DTD/xhtml1-transitional.dtd">
<html xmlns="http://www.w3.org/1999/xhtml" xml:lang="en" lang="en">
 <head>
  <title>
</title>
<meta http-equiv="Content-Type" content="text/html;charset=utf-8" />
  <meta name='ocr-system' content='tesseract 3.04.00' />
  <meta name='ocr-capabilities' content='ocr_page ocr_carea ocr_par ocr_line ocrx_word'/>
</head>
<body>
  <div class='ocr_page' id='page_1' title='image "./eratostheniscar00hillgoog/eratostheniscar00hillgoog_0086.png"; bbox 0 0 3324 5074; ppageno 0'>
   <div class='ocr_carea' id='block_1_1' title="bbox 700 343 1376 406">
    <p class='ocr_par' dir='ltr' id='par_1_1' title="bbox 700 343 1376 406">
     <span class='ocr_line' id='line_1_1' title="bbox 700 343 1376 406; baseline 0.001 -12"><span class='ocrx_word' id='word_1_1' title='bbox 700 343 910 396; x_wconf 82' lang='lat' dir='ltr'>MERCVRIVS</span> <span class='ocrx_word' id='word_1_2' title='bbox 1338 344 1376 406; x_wconf 75' lang='grc'><em>71</em></span> 
     </span>
    </p>
   </div>
   <div class='ocr_carea' id='block_1_2' title="bbox 230 503 1378 1038">
    <p class='ocr_par' dir='ltr' id='par_1_2' title="bbox 233 503 1378 812">
     <span class='ocr_line' id='line_1_2' title="bbox 233 503 1378 595; baseline -0.003 -17"><span class='ocrx_word' id='word_1_3' title='bbox 233 514 389 594; x_wconf 87' lang='lat' dir='ltr'><em>posuisse:</em></span> <span class='ocrx_word' id='word_1_4' title='bbox 416 513 472 578; x_wconf 90' lang='lat' dir='ltr'><em>hoc</em></span> <span class='ocrx_word' id='word_1_5' title='bbox 499 515 595 578; x_wconf 92' lang='lat' dir='ltr'><em>etiam</em></span> <span class='ocrx_word' id='word_1_6' title='bbox 615 513 699 595; x_wconf 78' lang='lat' dir='ltr'><em>sipni</em></span> <span class='ocrx_word' id='word_1_7' title='bbox 728 512 800 589; x_wconf 87' lang='lat' dir='ltr'><em>crit,</em></span> <span class='ocrx_word' id='word_1_8' title='bbox 831 511 914 592; x_wconf 79' lang='lat' dir='ltr'><em>quod</em></span> <span class='ocrx_word' id='word_1_9' title='bbox 939 513 975 576; x_wconf 94' lang='lat' dir='ltr'><em>in</em></span> <span class='ocrx_word' id='word_1_10' title='bbox 1002 503 1156 576; x_wconf 83' lang='lat' dir='ltr'><em>sideribus</em></span> <span class='ocrx_word' id='word_1_11' title='bbox 1183 531 1281 592; x_wconf 92' lang='lat' dir='ltr'><em>supra</em></span> <span class='ocrx_word' id='word_1_12' title='bbox 1308 531 1378 594; x_wconf 89' lang='lat' dir='ltr'><em>eum</em></span> 
     </span>
     <span class='ocr_line' id='line_1_3' title="bbox 238 620 1376 698; baseline -0.001 -11"><span class='ocrx_word' id='word_1_13' title='bbox 238 623 403 688; x_wconf 74' lang='lat' dir='ltr'><em>draconem</em></span> <span class='ocrx_word' id='word_1_14' title='bbox 424 622 574 688; x_wconf 90' lang='lat' dir='ltr'><em>Herculis</em></span> <span class='ocrx_word' id='word_1_15' title='bbox 594 621 799 687; x_wconf 74' lang='lat' dir='ltr'><em>simulacrum</em></span> <span class='ocrx_word' id='word_1_16' title='bbox 822 621 1001 698; x_wconf 76' lang='lat' dir='ltr'><em>ostenditur,</em></span> <span class='ocrx_word' id='word_1_17' title='bbox 1028 626 1064 684; x_wconf 93' lang='lat' dir='ltr'><em>ut</em></span> <span class='ocrx_word' id='word_1_18' title='bbox 1084 620 1305 686; x_wconf 73' lang='lat' dir='ltr'><em>Eratosthenes</em></span> <span class='ocrx_word' id='word_1_19' title='bbox 1326 621 1376 686; x_wconf 90' lang='lat' dir='ltr'><em>de-</em></span> 
     </span>
     <span class='ocr_line' id='line_1_4' title="bbox 237 723 1117 812; baseline -0.002 -18"><span class='ocrx_word' id='word_1_20' title='bbox 237 737 398 812; x_wconf 88' lang='lat' dir='ltr'><em>monstrat.</em></span> <span class='ocrx_word' id='word_1_21' title='bbox 443 730 567 805; x_wconf 80' lang='lat' dir='ltr'><em>Oatsst.</em></span> <span class='ocrx_word' id='word_1_22' title='bbox 591 731 621 795; x_wconf 89' lang='lat'><em>3.</em></span> <span class='ocrx_word' id='word_1_23' title='bbox 652 723 757 795; x_wconf 85' lang='lat' dir='ltr'><em>Schol.</em></span> <span class='ocrx_word' id='word_1_24' title='bbox 782 727 892 794; x_wconf 83' lang='lat' dir='ltr'><em>Germ.</em></span> <span class='ocrx_word' id='word_1_25' title='bbox 915 752 946 812; x_wconf 87' lang='lat' dir='ltr'><em>p.</em></span> <span class='ocrx_word' id='word_1_26' title='bbox 970 729 1021 793; x_wconf 86' lang='grc'><em>00.</em></span> <span class='ocrx_word' id='word_1_27' title='bbox 1047 731 1117 794; x_wconf 81' lang='grc'><strong>117.</strong></span> 
     </span>
    </p>

    <p class='ocr_par' dir='ltr' id='par_1_3' title="bbox 230 841 1378 1038">
     <span class='ocr_line' id='line_1_5' title="bbox 321 841 1179 927; baseline 0 -23"><span class='ocrx_word' id='word_1_28' title='bbox 321 841 442 927; x_wconf 73' lang='lat'>11(4)=</span> <span class='ocrx_word' id='word_1_29' title='bbox 466 863 498 905; x_wconf 86' lang='lat' dir='ltr'><em>v.</em></span> <span class='ocrx_word' id='word_1_30' title='bbox 521 865 553 927; x_wconf 91' lang='lat' dir='ltr'><em>p.</em></span> <span class='ocrx_word' id='word_1_31' title='bbox 579 841 649 906; x_wconf 87' lang='lat'><strong>105.</strong></span> <span class='ocrx_word' id='word_1_32' title='bbox 1177 853 1179 858; x_wconf 89' lang='grc'><strong><em>·</em></strong></span> 
     </span>
     <span class='ocr_line' id='line_1_6' title="bbox 230 949 1378 1038; baseline 0.003 -23"><span class='ocrx_word' id='word_1_33' title='bbox 230 1020 239 1026; x_wconf 69' lang='grc'><strong>,</strong></span> <span class='ocrx_word' id='word_1_34' title='bbox 321 949 375 1016; x_wconf 92' lang='lat' dir='ltr'><em>III</em></span> <span class='ocrx_word' id='word_1_35' title='bbox 397 951 458 1038; x_wconf 84' lang='lat'><strong>(6).</strong></span> <span class='ocrx_word' id='word_1_36' title='bbox 487 949 733 1034; x_wconf 78' lang='lat' dir='ltr'><em>Enponasiu.</em></span> <span class='ocrx_word' id='word_1_37' title='bbox 763 949 862 1014; x_wconf 87' lang='lat' dir='ltr'><em>Hunc</em></span> <span class='ocrx_word' id='word_1_38' title='bbox 876 949 1099 1015; x_wconf 87' lang='lat' dir='ltr'><em>Eratosthenes</em></span> <span class='ocrx_word' id='word_1_39' title='bbox 1112 950 1280 1016; x_wconf 87' lang='lat' dir='ltr'><em>Herculem</em></span> <span class='ocrx_word' id='word_1_40' title='bbox 1302 951 1378 1019; x_wconf 89' lang='lat' dir='ltr'><em>dicit</em></span> 
     </span>
    </p>
   </div>
   <div class='ocr_carea' id='block_1_3' title="bbox 160 1059 1376 1909">
    <p class='ocr_par' dir='ltr' id='par_1_4' title="bbox 160 1059 1376 1695">
     <span class='ocr_line' id='line_1_7' title="bbox 235 1059 1376 1144; baseline -0.001 -18"><span class='ocrx_word' id='word_1_41' title='bbox 235 1080 334 1144; x_wconf 87' lang='lat' dir='ltr'><em>supro</em></span> <span class='ocrx_word' id='word_1_42' title='bbox 355 1062 521 1126; x_wconf 87' lang='lat' dir='ltr'><em>draconem</em></span> <span class='ocrx_word' id='word_1_43' title='bbox 543 1059 739 1142; x_wconf 81' lang='lat' dir='ltr'><em>collocatum,</em></span> <span class='ocrx_word' id='word_1_44' title='bbox 752 1061 799 1140; x_wconf 79' lang='lat' dir='ltr'><em>¹de</em></span> <span class='ocrx_word' id='word_1_45' title='bbox 821 1081 881 1141; x_wconf 78' lang='lat' dir='ltr'><em>quo</em></span> <span class='ocrx_word' id='word_1_46' title='bbox 904 1065 977 1124; x_wconf 91' lang='lat' dir='ltr'><em>ante</em></span> <span class='ocrx_word' id='word_1_47' title='bbox 998 1060 1145 1144; x_wconf 84' lang='lat' dir='ltr'><em>dicimus,</em></span> <span class='ocrx_word' id='word_1_48' title='bbox 1169 1081 1298 1142; x_wconf 75' lang='lat' dir='ltr'><em>auinaue</em></span> <span class='ocrx_word' id='word_1_49' title='bbox 1313 1082 1376 1143; x_wconf 89' lang='lat' dir='ltr'><em>pa-</em></span> 
     </span>
     <span class='ocr_line' id='line_1_8' title="bbox 160 1166 1376 1252; baseline 0.001 -18"><span class='ocrx_word' id='word_1_50' title='bbox 160 1187 162 1192; x_wconf 82' lang='grc'><strong>’</strong></span> <span class='ocrx_word' id='word_1_51' title='bbox 234 1176 342 1245; x_wconf 88' lang='lat' dir='ltr'><em>ratum</em></span> <span class='ocrx_word' id='word_1_52' title='bbox 362 1176 399 1236; x_wconf 94' lang='lat' dir='ltr'><em>nt</em></span> <span class='ocrx_word' id='word_1_53' title='bbox 419 1173 463 1236; x_wconf 93' lang='lat' dir='ltr'><em>ad</em></span> <span class='ocrx_word' id='word_1_54' title='bbox 483 1166 703 1236; x_wconf 75' lang='lat' dir='ltr'><em>decertandum</em></span> <span class='ocrx_word' id='word_1_55' title='bbox 724 1169 856 1234; x_wconf 88' lang='lat' dir='ltr'><em>sinistro</em></span> <span class='ocrx_word' id='word_1_56' title='bbox 878 1191 978 1234; x_wconf 84' lang='lat' dir='ltr'><em>uranu</em></span> <span class='ocrx_word' id='word_1_57' title='bbox 994 1170 1106 1252; x_wconf 92' lang='lat' dir='ltr'><em>pellem</em></span> <span class='ocrx_word' id='word_1_58' title='bbox 1128 1171 1238 1248; x_wconf 87' lang='lat' dir='ltr'><em>leonis,</em></span> <span class='ocrx_word' id='word_1_59' title='bbox 1266 1171 1376 1235; x_wconf 82' lang='lat' dir='ltr'><em>deutra</em></span> 
     </span>
     <span class='ocr_line' id='line_1_9' title="bbox 235 1261 1376 1362; baseline -0.001 -17"><span class='ocrx_word' id='word_1_60' title='bbox 235 1267 357 1345; x_wconf 89' lang='lat' dir='ltr'><em>oluoam</em></span> <span class='ocrx_word' id='word_1_61' title='bbox 385 1261 542 1346; x_wconf 84' lang='lat' dir='ltr'><em>tenmtem.</em></span> <span class='ocrx_word' id='word_1_62' title='bbox 598 1284 730 1344; x_wconf 92' lang='lat' dir='ltr'><em>conatur</em></span> <span class='ocrx_word' id='word_1_63' title='bbox 763 1281 935 1362; x_wconf 73' lang='lat' dir='ltr'><em>interficere</em></span> <span class='ocrx_word' id='word_1_64' title='bbox 968 1280 1134 1360; x_wconf 89' lang='lat' dir='ltr'><em>draconem</em></span> <span class='ocrx_word' id='word_1_65' title='bbox 1164 1279 1376 1362; x_wconf 79' lang='lat' dir='ltr'><em>Hesperidum</em></span> 
     </span>
     <span class='ocr_line' id='line_1_10' title="bbox 233 1389 1374 1472; baseline 0 -17"><span class='ocrx_word' id='word_1_66' title='bbox 233 1392 404 1471; x_wconf 74' lang='lat' dir='ltr'><em>custodem,</em></span> <span class='ocrx_word' id='word_1_67' title='bbox 433 1392 488 1471; x_wconf 79' lang='lat' dir='ltr'><em>qui</em></span> <span class='ocrx_word' id='word_1_68' title='bbox 509 1409 675 1471; x_wconf 79' lang='lat' dir='ltr'><em>nunquam</em></span> <span class='ocrx_word' id='word_1_69' title='bbox 697 1389 797 1453; x_wconf 90' lang='lat' dir='ltr'><em>oculos</em></span> <span class='ocrx_word' id='word_1_70' title='bbox 818 1391 974 1472; x_wconf 90' lang='lat' dir='ltr'><em>operuisse</em></span> <span class='ocrx_word' id='word_1_71' title='bbox 994 1408 1101 1454; x_wconf 92' lang='lat' dir='ltr'><em>somno</em></span> <span class='ocrx_word' id='word_1_72' title='bbox 1127 1394 1248 1455; x_wconf 90' lang='lat' dir='ltr'><em>coactus</em></span> <span class='ocrx_word' id='word_1_73' title='bbox 1269 1392 1374 1455; x_wconf 90' lang='lat' dir='ltr'><em>euisti-</em></span> 
     </span>
     <span class='ocr_line' id='line_1_11' title="bbox 233 1498 1373 1581; baseline 0 -17"><span class='ocrx_word' id='word_1_74' title='bbox 233 1505 356 1564; x_wconf 90' lang='lat' dir='ltr'><em>matur:</em></span> <span class='ocrx_word' id='word_1_75' title='bbox 372 1520 431 1581; x_wconf 79' lang='lat' dir='ltr'><em>quo</em></span> <span class='ocrx_word' id='word_1_76' title='bbox 447 1500 548 1581; x_wconf 78' lang='lat' dir='ltr'><em>mapis</em></span> <span class='ocrx_word' id='word_1_77' title='bbox 562 1503 661 1563; x_wconf 88' lang='lat' dir='ltr'><em>eustos</em></span> <span class='ocrx_word' id='word_1_78' title='bbox 676 1499 837 1580; x_wconf 88' lang='lat' dir='ltr'><em>adpositus</em></span> <span class='ocrx_word' id='word_1_79' title='bbox 852 1518 913 1563; x_wconf 89' lang='lat' dir='ltr'><em>esse</em></span> <span class='ocrx_word' id='word_1_80' title='bbox 928 1500 1167 1564; x_wconf 86' lang='lat' dir='ltr'><em>demonstratur.</em></span> <span class='ocrx_word' id='word_1_81' title='bbox 1203 1498 1329 1564; x_wconf 82' lang='lat' dir='ltr'><em>Catast.</em></span> <span class='ocrx_word' id='word_1_82' title='bbox 1344 1501 1373 1564; x_wconf 90' lang='lat'><em>4.</em></span> 
     </span>
     <span class='ocr_line' id='line_1_12' title="bbox 234 1607 703 1695; baseline -0.004 -21"><span class='ocrx_word' id='word_1_83' title='bbox 234 1608 342 1677; x_wconf 86' lang='lat' dir='ltr'><em>Sohal.</em></span> <span class='ocrx_word' id='word_1_84' title='bbox 365 1608 476 1674; x_wconf 80' lang='lat' dir='ltr'><em>Germ.</em></span> <span class='ocrx_word' id='word_1_85' title='bbox 492 1632 531 1695; x_wconf 83' lang='lat' dir='ltr'><em>p.</em></span> <span class='ocrx_word' id='word_1_86' title='bbox 556 1607 607 1672; x_wconf 88' lang='lat'><em>61.</em></span> <span class='ocrx_word' id='word_1_87' title='bbox 632 1608 703 1672; x_wconf 88' lang='grc'><strong>118.</strong></span> 
     </span>
    </p>

    <p class='ocr_par' dir='ltr' id='par_1_5' title="bbox 232 1717 1373 1909">
     <span class='ocr_line' id='line_1_13' title="bbox 316 1717 1373 1802; baseline 0.002 -20"><span class='ocrx_word' id='word_1_88' title='bbox 316 1717 365 1783; x_wconf 94' lang='lat' dir='ltr'><em>IV</em></span> <span class='ocrx_word' id='word_1_89' title='bbox 388 1719 446 1802; x_wconf 82' lang='grc'><strong>(7).</strong></span> <span class='ocrx_word' id='word_1_90' title='bbox 492 1717 608 1800; x_wconf 79' lang='lat' dir='ltr'><em>Lpra.</em></span> <span class='ocrx_word' id='word_1_91' title='bbox 653 1717 744 1783; x_wconf 93' lang='lat' dir='ltr'><em>Inter</em></span> <span class='ocrx_word' id='word_1_92' title='bbox 766 1723 855 1784; x_wconf 90' lang='lat' dir='ltr'><em>astra</em></span> <span class='ocrx_word' id='word_1_93' title='bbox 884 1719 1049 1796; x_wconf 91' lang='lat' dir='ltr'><em>constituta</em></span> <span class='ocrx_word' id='word_1_94' title='bbox 1071 1719 1208 1802; x_wconf 80' lang='lat' dir='ltr'><em>osthus,</em></span> <span class='ocrx_word' id='word_1_95' title='bbox 1231 1723 1266 1784; x_wconf 85' lang='lat' dir='ltr'><em>ut</em></span> <span class='ocrx_word' id='word_1_96' title='bbox 1286 1717 1373 1784; x_wconf 85' lang='lat' dir='ltr'><em>Era-</em></span> 
     </span>
     <span class='ocr_line' id='line_1_14' title="bbox 232 1827 1372 1909; baseline -0.001 -16"><span class='ocrx_word' id='word_1_97' title='bbox 232 1829 381 1894; x_wconf 88' lang='lat' dir='ltr'><em>tosthenes</em></span> <span class='ocrx_word' id='word_1_98' title='bbox 402 1829 457 1907; x_wconf 91' lang='lat' dir='ltr'><em>ait,</em></span> <span class='ocrx_word' id='word_1_99' title='bbox 481 1829 518 1892; x_wconf 89' lang='lat' dir='ltr'><em>de</em></span> <span class='ocrx_word' id='word_1_100' title='bbox 539 1847 644 1906; x_wconf 87' lang='lat' dir='ltr'><em>causa,</em></span> <span class='ocrx_word' id='word_1_101' title='bbox 669 1829 753 1909; x_wconf 79' lang='lat' dir='ltr'><em>quod</em></span> <span class='ocrx_word' id='word_1_102' title='bbox 773 1830 865 1893; x_wconf 91' lang='lat' dir='ltr'><em>initio</em></span> <span class='ocrx_word' id='word_1_103' title='bbox 887 1851 908 1893; x_wconf 95' lang='lat' dir='ltr'><em>a</em></span> <span class='ocrx_word' id='word_1_104' title='bbox 931 1827 1094 1892; x_wconf 86' lang='lat' dir='ltr'><em>Mercurio</em></span> <span class='ocrx_word' id='word_1_105' title='bbox 1113 1828 1200 1908; x_wconf 81' lang='lat' dir='ltr'><em>facta</em></span> <span class='ocrx_word' id='word_1_106' title='bbox 1222 1829 1259 1892; x_wconf 90' lang='lat' dir='ltr'><em>de</em></span> <span class='ocrx_word' id='word_1_107' title='bbox 1281 1833 1372 1892; x_wconf 88' lang='lat' dir='ltr'><em>testu-</em></span> 
     </span>
    </p>
   </div>
   <div class='ocr_carea' id='block_1_4' title="bbox 232 1923 1477 2024">
    <p class='ocr_par' dir='ltr' id='par_1_6' title="bbox 232 1923 1477 2024">
     <span class='ocr_line' id='line_1_15' title="bbox 232 1923 1477 2024; baseline 0.001 -22"><span class='ocrx_word' id='word_1_108' title='bbox 232 1940 304 2004; x_wconf 90' lang='lat' dir='ltr'><em>dine</em></span> <span class='ocrx_word' id='word_1_109' title='bbox 327 1936 447 2021; x_wconf 86' lang='lat' dir='ltr'><em>Orpheo</em></span> <span class='ocrx_word' id='word_1_110' title='bbox 469 1942 514 2002; x_wconf 89' lang='lat' dir='ltr'><em>est</em></span> <span class='ocrx_word' id='word_1_111' title='bbox 534 1939 662 2016; x_wconf 91' lang='lat' dir='ltr'><em>tradita,</em></span> <span class='ocrx_word' id='word_1_112' title='bbox 686 1940 742 2019; x_wconf 79' lang='lat' dir='ltr'><em>qui</em></span> <span class='ocrx_word' id='word_1_113' title='bbox 758 1937 910 2020; x_wconf 80' lang='lat' dir='ltr'><em>Calliopes</em></span> <span class='ocrx_word' id='word_1_114' title='bbox 932 1943 961 2002; x_wconf 93' lang='lat' dir='ltr'><em>et</em></span> <span class='ocrx_word' id='word_1_115' title='bbox 979 1923 1098 2020; x_wconf 78' lang='lat' dir='ltr'><em>Oeapri¹</em></span> <span class='ocrx_word' id='word_1_116' title='bbox 1116 1938 1202 2018; x_wconf 73' lang='lat' dir='ltr'><em>tilius</em></span> <span class='ocrx_word' id='word_1_117' title='bbox 1221 1938 1286 2017; x_wconf 83' lang='lat' dir='ltr'><em>fuit</em></span> <span class='ocrx_word' id='word_1_118' title='bbox 1306 1940 1373 2003; x_wconf 83' lang='lat' dir='ltr'><em>eires</em></span> <span class='ocrx_word' id='word_1_119' title='bbox 1473 2015 1477 2024; x_wconf 92' lang='lat'><strong>.</strong></span> 
     </span>
    </p>
   </div>
   <div class='ocr_carea' id='block_1_5' title="bbox 228 2025 1445 3339">
    <p class='ocr_par' dir='ltr' id='par_1_7' title="bbox 228 2025 1445 3009">
     <span class='ocr_line' id='line_1_16' title="bbox 230 2025 1373 2129; baseline 0.002 -18"><span class='ocrx_word' id='word_1_120' title='bbox 230 2050 277 2112; x_wconf 89' lang='lat' dir='ltr'><em>rei</em></span> <span class='ocrx_word' id='word_1_121' title='bbox 299 2049 435 2113; x_wconf 88' lang='lat' dir='ltr'><em>manime</em></span> <span class='ocrx_word' id='word_1_122' title='bbox 456 2048 620 2112; x_wconf 88' lang='lat' dir='ltr'><em>studiosus.</em></span> <span class='ocrx_word' id='word_1_123' title='bbox 643 2086 686 2095; x_wconf 97' lang='lat'><strong>—</strong></span> <span class='ocrx_word' id='word_1_124' title='bbox 710 2046 823 2128; x_wconf 81' lang='lat' dir='ltr'><em>Postea</em></span> <span class='ocrx_word' id='word_1_125' title='bbox 844 2038 951 2129; x_wconf 81' lang='lat' dir='ltr'><em>ipitur&#39;</em></span> <span class='ocrx_word' id='word_1_126' title='bbox 967 2045 1121 2128; x_wconf 75' lang='lat' dir='ltr'><em>Orpheus,</em></span> <span class='ocrx_word' id='word_1_127' title='bbox 1145 2051 1181 2111; x_wconf 87' lang='lat' dir='ltr'><em>ut</em></span> <span class='ocrx_word' id='word_1_128' title='bbox 1201 2025 1373 2129; x_wconf 71' lang='lat' dir='ltr'><em>complures</em></span> 
     </span>
     <span class='ocr_line' id='line_1_17' title="bbox 231 2155 1369 2239; baseline 0.001 -17"><span class='ocrx_word' id='word_1_129' title='bbox 231 2158 386 2235; x_wconf 80' lang='lat' dir='ltr'><em>dixerunt,</em></span> <span class='ocrx_word' id='word_1_130' title='bbox 410 2159 445 2221; x_wconf 93' lang='lat' dir='ltr'><em>in</em></span> <span class='ocrx_word' id='word_1_131' title='bbox 462 2155 590 2239; x_wconf 75' lang='lat' dir='ltr'><em>Olympo</em></span> <span class='ocrx_word' id='word_1_132' title='bbox 605 2163 715 2235; x_wconf 90' lang='lat' dir='ltr'><em>monte,</em></span> <span class='ocrx_word' id='word_1_133' title='bbox 740 2159 795 2238; x_wconf 82' lang='lat' dir='ltr'><em>qui</em></span> <span class='ocrx_word' id='word_1_134' title='bbox 809 2155 1034 2220; x_wconf 87' lang='lat' dir='ltr'><em>Macedoniam</em></span> <span class='ocrx_word' id='word_1_135' title='bbox 1056 2156 1168 2220; x_wconf 88' lang='lat' dir='ltr'><em>diuidit</em></span> <span class='ocrx_word' id='word_1_136' title='bbox 1181 2177 1203 2220; x_wconf 92' lang='lat' dir='ltr'><em>a</em></span> <span class='ocrx_word' id='word_1_137' title='bbox 1219 2155 1369 2237; x_wconf 73' lang='lat' dir='ltr'><em>lhracia,</em></span> 
     </span>
     <span class='ocr_line' id='line_1_18' title="bbox 230 2254 1445 2354; baseline 0.001 -23"><span class='ocrx_word' id='word_1_138' title='bbox 230 2268 298 2348; x_wconf 90' lang='lat' dir='ltr'><em>scd,</em></span> <span class='ocrx_word' id='word_1_139' title='bbox 326 2271 362 2330; x_wconf 89' lang='lat' dir='ltr'><em>ut</em></span> <span class='ocrx_word' id='word_1_140' title='bbox 387 2265 609 2332; x_wconf 68' lang='lat' dir='ltr'><em>Eratosthenes</em></span> <span class='ocrx_word' id='word_1_141' title='bbox 637 2268 698 2348; x_wconf 91' lang='lat' dir='ltr'><em>ait,</em></span> <span class='ocrx_word' id='word_1_142' title='bbox 729 2266 764 2329; x_wconf 93' lang='lat' dir='ltr'><em>in</em></span> <span class='ocrx_word' id='word_1_143' title='bbox 793 2263 1071 2354; x_wconf 81' lang='lat' dir='ltr'><em>Pompam-sedens</em></span> <span class='ocrx_word' id='word_1_144' title='bbox 1099 2287 1170 2330; x_wconf 94' lang='lat' dir='ltr'><em>cum</em></span> <span class='ocrx_word' id='word_1_145' title='bbox 1198 2271 1293 2331; x_wconf 91' lang='lat' dir='ltr'><em>cantu</em></span> <span class='ocrx_word' id='word_1_146' title='bbox 1320 2269 1370 2332; x_wconf 91' lang='lat' dir='ltr'><em>de-</em></span> <span class='ocrx_word' id='word_1_147' title='bbox 1442 2254 1445 2258; x_wconf 53' lang='grc'><strong>’</strong></span> 
     </span>
     <span class='ocr_line' id='line_1_19' title="bbox 231 2373 1371 2458; baseline -0.001 -16"><span class='ocrx_word' id='word_1_148' title='bbox 231 2378 401 2455; x_wconf 88' lang='lat' dir='ltr'><em>lactaretur,</em></span> <span class='ocrx_word' id='word_1_149' title='bbox 425 2377 540 2441; x_wconf 87' lang='lat' dir='ltr'><em>dicitur</em></span> <span class='ocrx_word' id='word_1_150' title='bbox 562 2375 659 2440; x_wconf 85' lang='lat' dir='ltr'><em>In&#39;her</em></span> <span class='ocrx_word' id='word_1_151' title='bbox 680 2377 710 2440; x_wconf 89' lang='lat' dir='ltr'><em>ei</em></span> <span class='ocrx_word' id='word_1_152' title='bbox 730 2375 872 2440; x_wconf 84' lang='lat' dir='ltr'><em>obiecisse</em></span> <span class='ocrx_word' id='word_1_153' title='bbox 892 2373 1047 2454; x_wconf 89' lang='lat' dir='ltr'><em>Bacchas,</em></span> <span class='ocrx_word' id='word_1_154' title='bbox 1071 2396 1152 2456; x_wconf 79' lang='lat' dir='ltr'><em>quae</em></span> <span class='ocrx_word' id='word_1_155' title='bbox 1173 2395 1284 2458; x_wconf 88' lang='lat' dir='ltr'><em>corpus</em></span> <span class='ocrx_word' id='word_1_156' title='bbox 1305 2378 1371 2442; x_wconf 88' lang='lat' dir='ltr'><em>eius</em></span> 
     </span>
     <span class='ocr_line' id='line_1_20' title="bbox 230 2481 1371 2570; baseline 0.001 -20"><span class='ocrx_word' id='word_1_157' title='bbox 230 2488 436 2568; x_wconf 89' lang='lat' dir='ltr'><em>discerpermt</em></span> <span class='ocrx_word' id='word_1_158' title='bbox 455 2485 616 2566; x_wconf 80' lang='lat' dir='ltr'><em>interfecti.</em></span> <span class='ocrx_word' id='word_1_159' title='bbox 642 2523 679 2532; x_wconf 91' lang='lat'>-</span> <span class='ocrx_word' id='word_1_160' title='bbox 702 2481 773 2570; x_wconf 87' lang='grc' dir='ltr'>(ΙΙΙ</span> <span class='ocrx_word' id='word_1_161' title='bbox 788 2484 824 2566; x_wconf 85' lang='grc'><em>6)</em></span> <span class='ocrx_word' id='word_1_162' title='bbox 847 2483 954 2549; x_wconf 83' lang='lat' dir='ltr'><em>Habet</em></span> <span class='ocrx_word' id='word_1_163' title='bbox 975 2489 1079 2549; x_wconf 90' lang='lat' dir='ltr'><em>autem</em></span> <span class='ocrx_word' id='word_1_164' title='bbox 1103 2484 1220 2570; x_wconf 84' lang='lat' dir='ltr'><em>(Lyra)</em></span> <span class='ocrx_word' id='word_1_165' title='bbox 1242 2487 1279 2550; x_wconf 92' lang='lat' dir='ltr'><em>in</em></span> <span class='ocrx_word' id='word_1_166' title='bbox 1293 2488 1371 2568; x_wconf 86' lang='lat' dir='ltr'><em>ipsis</em></span> 
     </span>
     <span class='ocr_line' id='line_1_21' title="bbox 230 2593 1369 2678; baseline 0 -18"><span class='ocrx_word' id='word_1_167' title='bbox 230 2596 393 2661; x_wconf 86' lang='lat' dir='ltr'><em>testudinis</em></span> <span class='ocrx_word' id='word_1_168' title='bbox 426 2596 574 2660; x_wconf 84' lang='lat' dir='ltr'><em>lateribus</em></span> <span class='ocrx_word' id='word_1_169' title='bbox 605 2595 749 2678; x_wconf 81' lang='lat' dir='ltr'><em>sinpulas</em></span> <span class='ocrx_word' id='word_1_170' title='bbox 780 2593 902 2659; x_wconf 89' lang='lat' dir='ltr'><em>stellas:</em></span> <span class='ocrx_word' id='word_1_171' title='bbox 934 2595 970 2658; x_wconf 93' lang='lat' dir='ltr'><em>in</em></span> <span class='ocrx_word' id='word_1_172' title='bbox 997 2597 1128 2660; x_wconf 91' lang='lat' dir='ltr'><em>summis</em></span> <span class='ocrx_word' id='word_1_173' title='bbox 1155 2596 1369 2660; x_wconf 83' lang='lat' dir='ltr'><em>cacuminibus</em></span> 
     </span>
     <span class='ocr_line' id='line_1_22' title="bbox 229 2704 1436 2786; baseline -0.002 -15"><span class='ocrx_word' id='word_1_174' title='bbox 229 2727 344 2784; x_wconf 90' lang='lat' dir='ltr'><em>eorum,</em></span> <span class='ocrx_word' id='word_1_175' title='bbox 368 2725 448 2786; x_wconf 78' lang='lat' dir='ltr'><em>puae</em></span> <span class='ocrx_word' id='word_1_176' title='bbox 469 2707 505 2769; x_wconf 91' lang='lat' dir='ltr'><em>in</em></span> <span class='ocrx_word' id='word_1_177' title='bbox 526 2707 676 2770; x_wconf 90' lang='lat' dir='ltr'><em>testudine</em></span> <span class='ocrx_word' id='word_1_178' title='bbox 697 2709 732 2769; x_wconf 93' lang='lat' dir='ltr'><em>ut</em></span> <span class='ocrx_word' id='word_1_179' title='bbox 753 2705 884 2768; x_wconf 68' lang='lat' dir='ltr'><em>machia</em></span> <span class='ocrx_word' id='word_1_180' title='bbox 905 2709 979 2768; x_wconf 90' lang='lat' dir='ltr'><em>sunt</em></span> <span class='ocrx_word' id='word_1_181' title='bbox 999 2704 1130 2786; x_wconf 90' lang='lat' dir='ltr'><em>collecta,</em></span> <span class='ocrx_word' id='word_1_182' title='bbox 1152 2704 1312 2786; x_wconf 81' lang='lat' dir='ltr'><em>sinpulas:</em></span> <span class='ocrx_word' id='word_1_183' title='bbox 1334 2707 1370 2769; x_wconf 94' lang='lat' dir='ltr'><em>in</em></span> <span class='ocrx_word' id='word_1_184' title='bbox 1427 2708 1436 2726; x_wconf 72' lang='lat'>⁸</span> 
     </span>
     <span class='ocr_line' id='line_1_23' title="bbox 228 2812 1368 2897; baseline 0.001 -19"><span class='ocrx_word' id='word_1_185' title='bbox 228 2817 339 2880; x_wconf 89' lang='lat' dir='ltr'><em>mediis</em></span> <span class='ocrx_word' id='word_1_186' title='bbox 355 2816 474 2892; x_wconf 88' lang='lat' dir='ltr'><em>iisdem,</em></span> <span class='ocrx_word' id='word_1_187' title='bbox 497 2835 573 2895; x_wconf 78' lang='lat' dir='ltr'><em>quos</em></span> <span class='ocrx_word' id='word_1_188' title='bbox 594 2815 738 2879; x_wconf 89' lang='lat' dir='ltr'><em>humeros</em></span> <span class='ocrx_word' id='word_1_189' title='bbox 752 2813 974 2878; x_wconf 70' lang='lat' dir='ltr'><em>mausoleum</em></span> <span class='ocrx_word' id='word_1_190' title='bbox 994 2815 1094 2896; x_wconf 76' lang='lat' dir='ltr'><em>hnpit,</em></span> <span class='ocrx_word' id='word_1_191' title='bbox 1117 2812 1267 2897; x_wconf 74' lang='lat' dir='ltr'><em>sinpulas.</em></span> <span class='ocrx_word' id='word_1_192' title='bbox 1306 2813 1368 2879; x_wconf 84' lang='lat' dir='ltr'><em>Oa·</em></span> 
     </span>
     <span class='ocr_line' id='line_1_24' title="bbox 228 2909 959 3009; baseline -0.001 -21"><span class='ocrx_word' id='word_1_193' title='bbox 228 2933 305 2988; x_wconf 78' lang='lat' dir='ltr'><em>last.</em></span> <span class='ocrx_word' id='word_1_194' title='bbox 328 2909 380 2988; x_wconf 89' lang='grc'><em>24.</em></span> <span class='ocrx_word' id='word_1_195' title='bbox 413 2922 525 2988; x_wconf 79' lang='lat' dir='ltr'><em>Schol.</em></span> <span class='ocrx_word' id='word_1_196' title='bbox 549 2924 657 2988; x_wconf 81' lang='lat' dir='ltr'><em>Germ.</em></span> <span class='ocrx_word' id='word_1_197' title='bbox 681 2947 710 3009; x_wconf 92' lang='lat' dir='ltr'><em>p.</em></span> <span class='ocrx_word' id='word_1_198' title='bbox 734 2922 786 2987; x_wconf 89' lang='grc'><em>84.</em></span> <span class='ocrx_word' id='word_1_199' title='bbox 812 2923 873 2988; x_wconf 86' lang='grc'><em>150</em></span> <span class='ocrx_word' id='word_1_200' title='bbox 888 2945 959 3008; x_wconf 87' lang='lat' dir='ltr'><em>sqq.</em></span> 
     </span>
    </p>

    <p class='ocr_par' dir='ltr' id='par_1_8' title="bbox 228 3031 1367 3339">
     <span class='ocr_line' id='line_1_25' title="bbox 313 3031 1366 3119; baseline 0.002 -22"><span class='ocrx_word' id='word_1_201' title='bbox 313 3034 344 3097; x_wconf 95' lang='lat' dir='ltr'>V</span> <span class='ocrx_word' id='word_1_202' title='bbox 365 3031 416 3116; x_wconf 86' lang='lat' dir='ltr'><em>(II</em></span> <span class='ocrx_word' id='word_1_203' title='bbox 435 3033 499 3119; x_wconf 84' lang='lat'><strong>13).</strong></span> <span class='ocrx_word' id='word_1_204' title='bbox 530 3033 767 3110; x_wconf 85' lang='lat' dir='ltr'><em>Heniochus.</em></span> <span class='ocrx_word' id='word_1_205' title='bbox 801 3032 900 3098; x_wconf 91' lang='lat' dir='ltr'><em>Hunc</em></span> <span class='ocrx_word' id='word_1_206' title='bbox 914 3053 969 3098; x_wconf 88' lang='lat' dir='ltr'><em>nos</em></span> <span class='ocrx_word' id='word_1_207' title='bbox 983 3032 1142 3116; x_wconf 80' lang='lat' dir='ltr'><em>Auripum</em></span> <span class='ocrx_word' id='word_1_208' title='bbox 1158 3033 1274 3099; x_wconf 85' lang='lat' dir='ltr'><em>Latine</em></span> <span class='ocrx_word' id='word_1_209' title='bbox 1289 3036 1366 3100; x_wconf 93' lang='lat' dir='ltr'><em>dici-</em></span> 
     </span>
     <span class='ocr_line' id='line_1_26' title="bbox 228 3138 1367 3226; baseline 0.001 -18"><span class='ocrx_word' id='word_1_210' title='bbox 228 3165 307 3224; x_wconf 89' lang='lat' dir='ltr'><em>mus‚</em></span> <span class='ocrx_word' id='word_1_211' title='bbox 330 3138 455 3210; x_wconf 89' lang='lat' dir='ltr'><em>nominc</em></span> <span class='ocrx_word' id='word_1_212' title='bbox 475 3142 727 3226; x_wconf 72' lang='lat' dir='ltr'><em>Erichthonium,</em></span> <span class='ocrx_word' id='word_1_213' title='bbox 750 3149 786 3208; x_wconf 93' lang='lat' dir='ltr'><em>ut</em></span> <span class='ocrx_word' id='word_1_214' title='bbox 800 3145 1019 3209; x_wconf 89' lang='lat' dir='ltr'><em>Eratosthenes</em></span> <span class='ocrx_word' id='word_1_215' title='bbox 1040 3148 1200 3209; x_wconf 88' lang='lat' dir='ltr'><em>monstrat.</em></span> <span class='ocrx_word' id='word_1_216' title='bbox 1243 3144 1367 3209; x_wconf 78' lang='lat' dir='ltr'><em>Catast.</em></span> 
     </span>
     <span class='ocr_line' id='line_1_27' title="bbox 231 3253 837 3339; baseline 0.002 -23"><span class='ocrx_word' id='word_1_217' title='bbox 231 3255 279 3318; x_wconf 90' lang='lat'><em>13.</em></span> <span class='ocrx_word' id='word_1_218' title='bbox 318 3253 425 3319; x_wconf 87' lang='lat' dir='ltr'><em>Sahal.</em></span> <span class='ocrx_word' id='word_1_219' title='bbox 450 3253 558 3319; x_wconf 79' lang='lat' dir='ltr'><em>Germ.</em></span> <span class='ocrx_word' id='word_1_220' title='bbox 581 3276 613 3339; x_wconf 90' lang='lat' dir='ltr'><em>p.</em></span> <span class='ocrx_word' id='word_1_221' title='bbox 637 3254 687 3319; x_wconf 80' lang='lat'><em>73.</em></span> <span class='ocrx_word' id='word_1_222' title='bbox 714 3253 775 3318; x_wconf 90' lang='grc'><em>132</em></span> <span class='ocrx_word' id='word_1_223' title='bbox 790 3276 837 3339; x_wconf 87' lang='lat' dir='ltr'><em>sq.</em></span> 
     </span>
    </p>
   </div>
   <div class='ocr_carea' id='block_1_6' title="bbox 312 3361 1483 3448">
    <p class='ocr_par' dir='ltr' id='par_1_9' title="bbox 312 3361 1483 3448">
     <span class='ocr_line' id='line_1_28' title="bbox 312 3361 1483 3448; baseline 0.003 -21"><span class='ocrx_word' id='word_1_224' title='bbox 312 3363 363 3427; x_wconf 88' lang='lat' dir='ltr'><em>VI</em></span> <span class='ocrx_word' id='word_1_225' title='bbox 389 3362 470 3448; x_wconf 84' lang='lat'><strong>(14).</strong></span> <span class='ocrx_word' id='word_1_226' title='bbox 519 3361 727 3444; x_wconf 83' lang='lat' dir='ltr'><em>Aesculapius</em></span> <span class='ocrx_word' id='word_1_227' title='bbox 753 3364 836 3426; x_wconf 92' lang='lat' dir='ltr'><em>enim</em></span> <span class='ocrx_word' id='word_1_228' title='bbox 864 3382 934 3427; x_wconf 88' lang='lat' dir='ltr'><em>cum</em></span> <span class='ocrx_word' id='word_1_229' title='bbox 966 3367 1040 3427; x_wconf 88' lang='lat' dir='ltr'><em>essct</em></span> <span class='ocrx_word' id='word_1_230' title='bbox 1067 3363 1149 3428; x_wconf 89' lang='lat' dir='ltr'><em>inter</em></span> <span class='ocrx_word' id='word_1_231' title='bbox 1175 3362 1314 3428; x_wconf 90' lang='lat' dir='ltr'><em>homines</em></span> <span class='ocrx_word' id='word_1_232' title='bbox 1341 3375 1368 3430; x_wconf 86' lang='lat' dir='ltr'><em>et</em></span> <span class='ocrx_word' id='word_1_233' title='bbox 1479 3391 1483 3406; x_wconf 70' lang='lat'><strong><em>¹</em></strong></span> 
     </span>
    </p>
   </div>
   <div class='ocr_carea' id='block_1_7' title="bbox 227 3464 1394 3777">
    <p class='ocr_par' dir='ltr' id='par_1_10' title="bbox 227 3464 1394 3777">
     <span class='ocr_line' id='line_1_29' title="bbox 228 3464 1394 3554; baseline 0.001 -17"><span class='ocrx_word' id='word_1_234' title='bbox 228 3478 352 3539; x_wconf 90' lang='lat' dir='ltr'><em>tantum</em></span> <span class='ocrx_word' id='word_1_235' title='bbox 379 3464 534 3537; x_wconf 88' lang='lat' dir='ltr'><em>medicina</em></span> <span class='ocrx_word' id='word_1_236' title='bbox 563 3473 668 3536; x_wconf 87' lang='lat' dir='ltr'><em>ceteris</em></span> <span class='ocrx_word' id='word_1_237' title='bbox 690 3476 881 3554; x_wconf 89' lang='lat' dir='ltr'><em>praestaret,</em></span> <span class='ocrx_word' id='word_1_238' title='bbox 910 3476 946 3536; x_wconf 93' lang='lat' dir='ltr'><em>ut</em></span> <span class='ocrx_word' id='word_1_239' title='bbox 972 3491 1036 3536; x_wconf 95' lang='lat' dir='ltr'><em>non</em></span> <span class='ocrx_word' id='word_1_240' title='bbox 1063 3473 1141 3536; x_wconf 89' lang='lat' dir='ltr'><em>satis</em></span> <span class='ocrx_word' id='word_1_241' title='bbox 1163 3474 1191 3536; x_wconf 89' lang='lat' dir='ltr'><em>ei</em></span> <span class='ocrx_word' id='word_1_242' title='bbox 1212 3474 1394 3540; x_wconf 33' lang='lat' dir='ltr'><em>uideretur*</em></span> 
     </span>
     <span class='ocr_line' id='line_1_30' title="bbox 227 3582 1365 3667; baseline 0.001 -20"><span class='ocrx_word' id='word_1_243' title='bbox 227 3583 389 3648; x_wconf 91' lang='lat' dir='ltr'><em>hominum</em></span> <span class='ocrx_word' id='word_1_244' title='bbox 411 3582 529 3646; x_wconf 89' lang='lat' dir='ltr'><em>dolores</em></span> <span class='ocrx_word' id='word_1_245' title='bbox 551 3582 661 3660; x_wconf 85' lang='lat' dir='ltr'><em>leuare,</em></span> <span class='ocrx_word' id='word_1_246' title='bbox 684 3583 749 3646; x_wconf 87' lang='lat' dir='ltr'><em>nisi</em></span> <span class='ocrx_word' id='word_1_247' title='bbox 771 3583 865 3646; x_wconf 90' lang='lat' dir='ltr'><em>etiam</em></span> <span class='ocrx_word' id='word_1_248' title='bbox 881 3586 1018 3646; x_wconf 92' lang='lat' dir='ltr'><em>mortuos</em></span> <span class='ocrx_word' id='word_1_249' title='bbox 1030 3586 1186 3647; x_wconf 85' lang='lat' dir='ltr'><em>reuocaret</em></span> <span class='ocrx_word' id='word_1_250' title='bbox 1200 3584 1245 3646; x_wconf 94' lang='lat' dir='ltr'><em>ad</em></span> <span class='ocrx_word' id='word_1_251' title='bbox 1257 3585 1365 3667; x_wconf 87' lang='lat' dir='ltr'><em>citam,</em></span> 
     </span>
     <span class='ocr_line' id='line_1_31' title="bbox 227 3690 1366 3777; baseline 0.002 -22"><span class='ocrx_word' id='word_1_252' title='bbox 227 3694 391 3756; x_wconf 88' lang='lat' dir='ltr'><em>nouissime</em></span> <span class='ocrx_word' id='word_1_253' title='bbox 410 3690 512 3771; x_wconf 80' lang='lat' dir='ltr'><em>fertem</em></span> <span class='ocrx_word' id='word_1_254' title='bbox 526 3690 743 3773; x_wconf 75' lang='lat' dir='ltr'><em>Hippolytum,</em></span> <span class='ocrx_word' id='word_1_255' title='bbox 768 3694 822 3773; x_wconf 80' lang='lat' dir='ltr'><em>qui</em></span> <span class='ocrx_word' id='word_1_256' title='bbox 837 3693 1003 3774; x_wconf 77' lang='lat' dir='ltr'><em>iniquitate</em></span> <span class='ocrx_word' id='word_1_257' title='bbox 1024 3713 1171 3777; x_wconf 82' lang='lat' dir='ltr'><em>nouercae</em></span> <span class='ocrx_word' id='word_1_258' title='bbox 1193 3697 1222 3757; x_wconf 92' lang='lat' dir='ltr'><em>ct</em></span> <span class='ocrx_word' id='word_1_259' title='bbox 1234 3694 1366 3757; x_wconf 84' lang='lat' dir='ltr'><em>inscien-</em></span> 
     </span>
    </p>
   </div>
   <div class='ocr_carea' id='block_1_8' title="bbox 227 3800 1364 3996">
    <p class='ocr_par' dir='ltr' id='par_1_11' title="bbox 227 3800 1364 3996">
     <span class='ocr_line' id='line_1_32' title="bbox 228 3800 1364 3882; baseline 0.002 -18"><span class='ocrx_word' id='word_1_260' title='bbox 228 3803 273 3864; x_wconf 85' lang='lat' dir='ltr'><em>tia</em></span> <span class='ocrx_word' id='word_1_261' title='bbox 289 3802 434 3881; x_wconf 87' lang='lat' dir='ltr'><em>parcntis</em></span> <span class='ocrx_word' id='word_1_262' title='bbox 456 3805 524 3864; x_wconf 89' lang='lat' dir='ltr'><em>orat</em></span> <span class='ocrx_word' id='word_1_263' title='bbox 544 3800 730 3880; x_wconf 86' lang='lat' dir='ltr'><em>interfectus,</em></span> <span class='ocrx_word' id='word_1_264' title='bbox 752 3821 891 3882; x_wconf 89' lang='lat' dir='ltr'><em>sonasse,</em></span> <span class='ocrx_word' id='word_1_265' title='bbox 914 3804 960 3867; x_wconf 91' lang='lat' dir='ltr'><em>ita</em></span> <span class='ocrx_word' id='word_1_266' title='bbox 982 3807 1018 3868; x_wconf 92' lang='lat' dir='ltr'><em>ut</em></span> <span class='ocrx_word' id='word_1_267' title='bbox 1037 3802 1258 3868; x_wconf 69' lang='lat' dir='ltr'><em>Eratosthenes</em></span> <span class='ocrx_word' id='word_1_268' title='bbox 1280 3803 1364 3868; x_wconf 88' lang='lat' dir='ltr'><em>dicit.</em></span> 
     </span>
     <span class='ocr_line' id='line_1_33' title="bbox 227 3908 898 3996; baseline 0 -22"><span class='ocrx_word' id='word_1_269' title='bbox 227 3908 350 3974; x_wconf 76' lang='lat' dir='ltr'><em>catast.</em></span> <span class='ocrx_word' id='word_1_270' title='bbox 372 3909 402 3972; x_wconf 87' lang='lat'><em>6.</em></span> <span class='ocrx_word' id='word_1_271' title='bbox 433 3908 538 3974; x_wconf 82' lang='lat' dir='ltr'><em>Sahal.</em></span> <span class='ocrx_word' id='word_1_272' title='bbox 563 3908 674 3974; x_wconf 79' lang='lat' dir='ltr'><em>Germ.</em></span> <span class='ocrx_word' id='word_1_273' title='bbox 697 3933 728 3996; x_wconf 89' lang='lat' dir='ltr'><em>p.</em></span> <span class='ocrx_word' id='word_1_274' title='bbox 753 3911 804 3975; x_wconf 89' lang='grc'><em>62.</em></span> <span class='ocrx_word' id='word_1_275' title='bbox 829 3911 898 3976; x_wconf 89' lang='grc'><strong>121.</strong></span> 
     </span>
    </p>
   </div>
   <div class='ocr_carea' id='block_1_9' title="bbox 312 4017 1483 4106">
    <p class='ocr_par' dir='ltr' id='par_1_12' title="bbox 312 4017 1483 4106">
     <span class='ocr_line' id='line_1_34' title="bbox 312 4017 1483 4106; baseline 0.003 -23"><span class='ocrx_word' id='word_1_276' title='bbox 312 4018 377 4083; x_wconf 92' lang='lat' dir='ltr'><em>VII</em></span> <span class='ocrx_word' id='word_1_277' title='bbox 400 4017 483 4102; x_wconf 81' lang='lat'><strong>(15).</strong></span> <span class='ocrx_word' id='word_1_278' title='bbox 534 4017 575 4082; x_wconf 89' lang='lat' dir='ltr'><em>Vt</em></span> <span class='ocrx_word' id='word_1_279' title='bbox 595 4018 815 4086; x_wconf 73' lang='lat' dir='ltr'><em>Eratosthenes</em></span> <span class='ocrx_word' id='word_1_280' title='bbox 837 4027 941 4086; x_wconf 90' lang='lat' dir='ltr'><em>autem</em></span> <span class='ocrx_word' id='word_1_281' title='bbox 963 4021 999 4086; x_wconf 92' lang='lat' dir='ltr'><em>dc</em></span> <span class='ocrx_word' id='word_1_282' title='bbox 1020 4020 1144 4103; x_wconf 78' lang='lat' dir='ltr'><em>Sapitta</em></span> <span class='ocrx_word' id='word_1_283' title='bbox 1166 4022 1365 4106; x_wconf 88' lang='lat' dir='ltr'><em>demonstrat,</em></span> <span class='ocrx_word' id='word_1_284' title='bbox 1479 4074 1483 4086; x_wconf 79' lang='grc'><strong>.</strong></span> 
     </span>
    </p>
   </div>
   <div class='ocr_carea' id='block_1_10' title="bbox 223 4126 1364 4444">
    <p class='ocr_par' dir='ltr' id='par_1_13' title="bbox 223 4126 1364 4444">
     <span class='ocr_line' id='line_1_35' title="bbox 226 4126 1364 4213; baseline 0.003 -20"><span class='ocrx_word' id='word_1_285' title='bbox 226 4129 285 4193; x_wconf 91' lang='lat' dir='ltr'><em>hac</em></span> <span class='ocrx_word' id='word_1_286' title='bbox 306 4127 419 4209; x_wconf 86' lang='lat' dir='ltr'><em>Apollo</em></span> <span class='ocrx_word' id='word_1_287' title='bbox 443 4126 592 4208; x_wconf 74' lang='lat' dir='ltr'><em>Cyclopas</em></span> <span class='ocrx_word' id='word_1_288' title='bbox 613 4128 780 4210; x_wconf 84' lang='lat' dir='ltr'><em>interfecit,</em></span> <span class='ocrx_word' id='word_1_289' title='bbox 809 4132 865 4211; x_wconf 82' lang='lat' dir='ltr'><em>qui</em></span> <span class='ocrx_word' id='word_1_290' title='bbox 884 4131 1004 4210; x_wconf 81' lang='lat' dir='ltr'><em>fulmen</em></span> <span class='ocrx_word' id='word_1_291' title='bbox 1025 4129 1097 4195; x_wconf 90' lang='lat' dir='ltr'><em>Ioui</em></span> <span class='ocrx_word' id='word_1_292' title='bbox 1121 4130 1275 4213; x_wconf 83' lang='lat' dir='ltr'><em>fecerunt,</em></span> <span class='ocrx_word' id='word_1_293' title='bbox 1305 4151 1364 4212; x_wconf 78' lang='lat' dir='ltr'><em>quo</em></span> 
     </span>
     <span class='ocr_line' id='line_1_36' title="bbox 225 4237 1363 4320; baseline 0.004 -20"><span class='ocrx_word' id='word_1_294' title='bbox 225 4237 450 4319; x_wconf 86' lang='lat' dir='ltr'><em>Aesculapium</em></span> <span class='ocrx_word' id='word_1_295' title='bbox 471 4237 665 4316; x_wconf 83' lang='lat' dir='ltr'><em>interfectum</em></span> <span class='ocrx_word' id='word_1_296' title='bbox 686 4239 857 4320; x_wconf 90' lang='lat' dir='ltr'><em>complures</em></span> <span class='ocrx_word' id='word_1_297' title='bbox 884 4239 1039 4304; x_wconf 81' lang='lat' dir='ltr'><em>dicerunt.</em></span> <span class='ocrx_word' id='word_1_298' title='bbox 1083 4240 1166 4304; x_wconf 92' lang='lat' dir='ltr'><em>hanc</em></span> <span class='ocrx_word' id='word_1_299' title='bbox 1188 4245 1290 4305; x_wconf 90' lang='lat' dir='ltr'><em>autem</em></span> <span class='ocrx_word' id='word_1_300' title='bbox 1311 4261 1363 4306; x_wconf 94' lang='lat' dir='ltr'><em>sa-</em></span> 
     </span>
     <span class='ocr_line' id='line_1_37' title="bbox 223 4345 1363 4444; baseline 0.002 -32"><span class='ocrx_word' id='word_1_301' title='bbox 223 4347 335 4444; x_wconf 75' lang='lat' dir='ltr'><em>pittam</em></span> <span class='ocrx_word' id='word_1_302' title='bbox 357 4349 393 4412; x_wconf 94' lang='lat' dir='ltr'><em>in</em></span> <span class='ocrx_word' id='word_1_303' title='bbox 415 4345 615 4430; x_wconf 77' lang='lat' dir='ltr'><em>Hyperboreo</em></span> <span class='ocrx_word' id='word_1_304' title='bbox 638 4353 739 4413; x_wconf 90' lang='lat' dir='ltr'><em>monte</em></span> <span class='ocrx_word' id='word_1_305' title='bbox 760 4347 939 4440; x_wconf 90' lang='lat' dir='ltr'><em>Apollinem</em></span> <span class='ocrx_word' id='word_1_306' title='bbox 967 4349 1124 4430; x_wconf 76' lang='lat' dir='ltr'><em>defodisse.</em></span> <span class='ocrx_word' id='word_1_307' title='bbox 1170 4370 1238 4415; x_wconf 90' lang='lat' dir='ltr'><em>anm</em></span> <span class='ocrx_word' id='word_1_308' title='bbox 1261 4355 1363 4414; x_wconf 89' lang='lat' dir='ltr'><em>autem</em></span> 
     </span>
    </p>
   </div>
   <div class='ocr_carea' id='block_1_11' title="bbox 0 0 1666 5074">
    <p class='ocr_par' dir='ltr' id='par_1_14' title="bbox 0 0 1666 5074">
     <span class='ocr_line' id='line_1_38' title="bbox 0 0 1666 5074; baseline 0 4"><span class='ocrx_word' id='word_1_309' title='bbox 0 0 1666 5074; x_wconf 95' lang='lat' dir='ltr'><em> </em></span> 
     </span>
    </p>
   </div>
  </div>
 </body>
</html>
