3354 5076
638 441 848 495 Mnnovmvs
1272 441 1315 508 35

173 609 258 671 Nam
279 607 580 694 helopemqucque
603 609 644 673 ab
667 609 780 673 anthia
804 631 870 673 non
893 610 1059 674 diversum
1086 627 1159 673 esse
1180 609 1314 696 quidam

173 717 336 802 volebant,
358 719 494 802 negavit
508 719 621 783 Dorio.
644 755 687 768 -
708 718 823 783 Plures
839 726 947 783 autem
963 739 1090 789 sacrum
1112 720 1233 805 piscem
1249 738 1315 785 non

172 827 319 892 anthiem
346 827 403 892 sed
431 829 639 912 πομπίλον
666 850 738 893 esse
767 806 953 898 censebant.
1001 827 1042 892 Id
1070 837 1242 893 nautarum
1267 828 1313 893 lo·

172 938 291 1023 quendi
314 938 514 1002 consuetudo
538 936 750 1024 comprobare
772 939 844 1016 visa
864 947 914 1004 est
929 938 1101 1026 Dionysio,
1124 939 1180 1025 qui
1194 924 1315 1024 cogno-¹

114 1063 120 1072 ’
170 1047 258 1109 minc
270 1043 408 1130 Ἴαμβος
428 1046 673 1133 appellabatur,
702 1048 736 1111 in
758 1048 842 1114 libro
866 1046 907 1112 de
929 1047 1079 1113 dialectis
1109 1048 1212 1136 (apud
1234 1049 1312 1114 Ath.

170 1179 200 1241 p.
223 1157 329 1221 284ss
352 1153 544 1240 ἀκηκόαμεν
565 1161 652 1239 γοῦν
674 1154 794 1232 ἁλιέως
811 1154 1004 1241 Ἐρετρικοῦ
1018 1155 1079 1223 τδν
1100 1155 1193 1241 ίερὸν
1209 1157 1313 1242 ίχθύν

169 1267 226 1330 καλ
248 1264 363 1331 ἄλλων
385 1269 522 1331 πολλῶν
544 1263 668 1331 ἁλιέων
690 1267 889 1332 καλούντων
910 1265 971 1332 τδν
986 1270 1170 1354 πομπίλον)
1193 1278 1225 1332 et
1246 1267 1312 1332 (lli-

169 1377 283 1440 tarchc
311 1376 346 1439 in
373 1377 511 1460 septimo
538 1375 622 1442 libro
651 1376 859 1460 Glossamm,
888 1380 943 1465 qui
971 1377 1018 1442 ita
1044 1377 1202 1464 appellari
1226 1377 1313 1442 hunc

169 1486 293 1570 piscem
313 1494 448 1574 propter
469 1487 594 1551 morem
612 1507 714 1552 naves
737 1487 884 1551 sectandi
912 1487 1077 1550 existimat
1104 1487 1208 1573 (apud
1231 1486 1310 1551 Ath.

168 1617 199 1680 p.
221 1595 286 1660 284
300 1597 333 1660 Ι)
356 1596 391 1659 οί
410 1595 564 1660 ναυτικοί
585 1598 755 1680 πομπίλον
777 1593 870 1681 ίερδν
893 1579 995 1679 ἰχθύν
1017 1595 1311 1679 προσαγορεύουσι

169 1701 224 1768 διὰ
251 1702 290 1769 ad
319 1705 357 1770 ἐκ
385 1706 552 1788 πελοίγους
579 1706 790 1790 προπέμπειν
817 1703 876 1782 τοὶς
902 1708 987 1781 ναῦς
1014 1705 1076 1781 ἕως
1098 1705 1146 1781 είς
1174 1705 1308 1790 λιμένα·

169 1812 221 1878 διδ
244 1815 301 1884 καλ
323 1811 493 1900 πομπίλον
515 1820 709 1898 καλεῖσθαι,
732 1814 933 1899 χρύσοφρυν
956 1811 1060 1902 ὄντα).
1105 1814 1236 1896 Quibus
1259 1814 1311 1878 dis

47 1951 50 1958 ⁴
169 1945 262 1989 sacer
288 1935 375 1990 esset
404 1928 585 2008 πομπίλος,
620 1926 798 1990 Pancrates
833 1925 986 1990 tradidit:
1021 1926 1101 1990 Ath.
1135 1947 1167 2010 p.
1196 1925 1259 1988 283
1280 1926 1311 1988 A

169 2033 371 2116 Παγκράτης
394 2031 427 2097 δ’
450 2031 468 2098 ὁ
489 2032 607 2117 Ἀρκνλς
629 2035 667 2100 έν
689 2043 760 2110 τοῖς
774 2037 972 2111 θαλασσίοις
994 2036 1105 2116 ἔργοις
1123 2034 1308 2118 ἐπιγραφο-

168 2143 281 2224 μένοις
311 2141 484 2224 προειπιδν
517 2146 709 2228 ,πομπίλος
740 2142 781 2208 δν
814 2143 994 2209 καλέουσιν
1027 2141 1183 2207 ἁλίπλοοι
1216 2139 1310 2227 ἱερὸν
1429 2203 1430 2206 ,

170 2251 297 2334 ίχθύνί(
331 2255 493 2334 διηγεῖται
526 2248 571 2328 cis
603 2251 646 2317 ού
670 2254 777 2336 μόνον
803 2257 850 2338 τῷ
877 2254 1068 2318 Ποσειδῶνι
1098 2249 1117 2316 ὁ
1144 2253 1310 2336 πομπίλος

169 2362 239 2426 ἐστὶ
263 2359 318 2425 διδ
341 2365 448 2446 τιμῆς,
472 2359 548 2426 ἀλλ’
571 2359 622 2428 ὅτι
645 2363 701 2427 καί
722 2372 793 2439 τοῖς
806 2360 868 2446 την
884 2341 1117 2447 Σαμοδρᾴκην
1132 2361 1309 2446 κατέχουσι

167 2475 272 2548 θεοῖς.
318 2471 370 2536 Of.
393 2495 426 2558 p.
448 2473 556 2536 282Ε
583 2470 601 2536 ὁ
624 2471 686 2555 μὲν
708 2470 770 2556 την
797 2466 1017 2556 Τελχινιακὴν
1045 2472 1196 2554 ἱστορίαν
1223 2487 1308 2536 συν-

167 2583 254 2663 θείς,
278 2579 339 2645 εἴτ’
359 2579 570 2665 Ἐπιμενίδης
592 2581 686 2646 ἐστίν
708 2578 726 2646 δ
748 2579 841 2666 Κρὴς
855 2579 888 2665 ἢ
915 2581 1136 2666 Τηλεκλείδης
1164 2578 1225 2646 εἴτ’
1248 2578 1307 2646 ἅλ-

169 2691 224 2766 λος
246 2715 307 2773 τις,
332 2691 444 2773 ίερούς
459 2709 563 2776 φησιν
579 2687 666 2756 είναι
681 2691 802 2774 ἰχθύας
817 2693 1007 2776 δελφίναςῐ)
1032 2691 1089 2755 καί
1108 2693 1307 2775 πομπίλους.

167 2821 198 2884 p.
220 2800 327 2864 2830
348 2798 553 2885 μνημονεύει
573 2805 643 2865 τῶν
664 2804 842 2885 πομπίλων
864 2799 921 2864 καλ
947 2799 1127 2884 Τιμαχίδας
1149 2796 1167 2863 ὁ
1185 2798 1310 2876 Ῥόδιος

169 2907 206 2972 ἐν
238 2913 285 2994 τῷ
314 2909 421 2996 ἐνάτῳ
443 2913 511 2976 Ιτοῦ
534 2913 688 2975 Δείπνου
716 2911 860 2993 „unstrot
892 2893 1119 2974 είνοίλιοι’καλ
1146 2891 1309 2993 τῖομπίλοι

85 3053 88 3060 ·
169 3017 253 3101 ίεροὶ
276 3019 411 3101 ι’χθῦς.“
449 3018 598 3084 Eandem
612 3021 714 3104 igitur
728 3020 769 3084 dc
785 3042 878 3085 sacro
893 3020 983 3107 pisce
1001 3020 1194 3084 sententiam
1210 3023 1308 3086 etiem

168 3127 387 3193 Callimachus
410 3137 443 3193 et
464 3130 698 3195 Eratosthenes
721 3131 1007 3218 proposuerunt²):
1037 3149 1112 3194 nem
1139 3139 1224 3194 teste
1245 3131 1308 3198 Cli-

166 3237 279 3302 tarcho
302 3237 386 3324 (loco
409 3240 647 3327 supracitato)
676 3239 876 3325 χρύσοφρυς
902 3241 987 3303 idem
1011 3237 1111 3324 piscis
1139 3248 1189 3303 est
1211 3249 1308 3324 atquc

167 3350 341 3432 πομπίλος.
388 3347 441 3413 Of.
470 3350 569 3413 etiam
597 3351 671 3413 Ath.
698 3351 868 3436 paean
901 3351 970 3413 ἔστι
999 3345 1079 3411 δ’ὁ
1108 3350 1308 3431 πομπίλος
1396 3377 1399 3384 ’

169 3459 254 3533 ζῶον
278 3457 453 3540 ἐρωτικόν,
477 3455 522 3533 ιδς
544 3456 586 3521 ἂν
609 3439 664 3521 καλ
692 3454 795 3534 αύτδς
816 3456 964 3540 γεγονοδς
986 3457 1025 3521 ἐκ
1047 3461 1108 3521 τού
1133 3452 1306 3541 Οὐρανίου

167 3567 304 3650 αἵματος
331 3566 398 3651 ίίμα
425 3571 466 3651 τῇ
495 3567 720 3652 Ἀφροδίτη
740 3569 811 3631 κτλ.
841 3577 873 3632 et
900 3567 1086 3653 Archippus
1115 3567 1202 3652 apud
1228 3564 1307 3632 Ath.

169 3699 198 3760 p.
214 3677 278 3741 328
295 3681 324 3741 A
342 3670 454 3757 ίερούς
473 3675 714 3761 Ἀφροδίτης
736 3676 976 3761 χρυσόφρυς
991 3679 1184 3768 Κυθηρίας.Ι
1211 3671 1306 3762 lgno·
1388 3699 1390 3706 ’

168 3787 263 3850 rabat
284 3783 365 3848 haec
388 3787 563 3851 scholiasta
579 3788 609 3849 V
624 3789 667 3850 ad
683 3787 734 3868 Il.‚
757 3787 812 3870 qui
835 3787 948 3850 scribit
970 3787 1010 3849 οί
1029 3786 1071 3850 δὲ
1094 3785 1305 3870 χρύσοφρυν,

169 3895 210 3957 οί
233 3896 254 3958 δ
261 3895 276 3960 ὲ
302 3898 482 3979 πομπιλον.
533 3895 574 3958 In
607 3896 774 3961 Theocriti
808 3896 916 3959 verbis
947 3895 1083 3978 σφάζων
1119 3892 1306 3979 ἀκρόνυχος

167 4004 270 4090 ταύτη
292 4008 363 4089 θεῷ
385 4003 479 4090 ίερόν
501 4001 646 4086 ίχθύν“
626 4028 667 4069 ον
681 4009 805 4070 λεῦκον
824 4006 1005 4118 καλέουσιν
1020 4006 1075 4089 qui
1091 4005 1190 4091 piscis
1206 4004 1305 4088 signi-

168 4113 282 4180 ficetur
302 4116 476 4179 nescimus.

237 4321 261 4391 l)
282 4328 378 4409 [Erat]
398 4327 504 4385 (latest
518 4333 546 4378 31
563 4327 725 4407 (Neptunus)
743 4327 863 4407 μεγίστω
846 4319 974 4393 αςτιμᾶς
994 4319 1025 4378 έν
1037 4345 1071 4394 τη
1059 4322 1217 4392 θαλάσση
1229 4316 1306 4396 αυτῷ

169 4393 256 4460 (delph
260 4387 356 4460 ἰιιο)”
334 4413 384 4462 ωρι
376 4413 475 4459 ισ,ενι
467 4391 599 4459 ίερὸναυ
563 4392 651 4445 αυτὸν
670 4389 877 4459 ὀνομάσαςν
834 4391 877 4447 εἶν
880 4398 980 4446 αἰιιτλ.
1046 4399 1074 4458 2)
1093 4399 1133 4446 [)ε
1146 4379 1215 4444 Call
1217 4383 1306 4445 mach

169 4461 264 4527 fragm,
283 4467 315 4514 72
334 4471 442 4529 propter
460 4465 610 4528 arigument
604 4465 712 4512 ιολιεοιι
716 4465 823 4513 ritatem
841 4464 909 4513 nihil
927 4465 995 4514 certi
1014 4465 1101 4514 dicere
1120 4477 1271 4528 possumus.

1069 4545 1104 4604 3*
