<?xml version="1.0" encoding="UTF-8"?>
<!DOCTYPE html PUBLIC "-//W3C//DTD XHTML 1.0 Transitional//EN"
    "http://www.w3.org/TR/xhtml1/DTD/xhtml1-transitional.dtd">
<html xmlns="http://www.w3.org/1999/xhtml" xml:lang="en" lang="en">
 <head>
  <title>
</title>
<meta http-equiv="Content-Type" content="text/html;charset=utf-8" />
  <meta name='ocr-system' content='tesseract 3.04.00' />
  <meta name='ocr-capabilities' content='ocr_page ocr_carea ocr_par ocr_line ocrx_word'/>
</head>
<body>
  <div class='ocr_page' id='page_1' title='image "./eratostheniscar00hillgoog/eratostheniscar00hillgoog_0049.png"; bbox 0 0 3354 5076; ppageno 0'>
   <div class='ocr_carea' id='block_1_1' title="bbox 353 367 1031 438">
    <p class='ocr_par' dir='ltr' id='par_1_1' title="bbox 353 367 1031 438">
     <span class='ocr_line' id='line_1_1' title="bbox 353 367 1031 438; baseline 0.001 -15"><span class='ocrx_word' id='word_1_1' title='bbox 353 367 396 438; x_wconf 82' lang='lat'>36</span> <span class='ocrx_word' id='word_1_2' title='bbox 818 371 1031 424; x_wconf 77' lang='lat' dir='ltr'>Muuovmvs</span> 
     </span>
    </p>
   </div>
   <div class='ocr_carea' id='block_1_2' title="bbox 275 535 1496 1065">
    <p class='ocr_par' dir='ltr' id='par_1_2' title="bbox 275 535 1496 1065">
     <span class='ocr_line' id='line_1_2' title="bbox 438 535 1496 623; baseline -0.002 -19"><span class='ocrx_word' id='word_1_3' title='bbox 438 539 544 604; x_wconf 89' lang='lat' dir='ltr'>Maior</span> <span class='ocrx_word' id='word_1_4' title='bbox 571 537 732 603; x_wconf 83' lang='lat' dir='ltr'>dissensio</span> <span class='ocrx_word' id='word_1_5' title='bbox 760 538 846 602; x_wconf 89' lang='lat' dir='ltr'>inter</span> <span class='ocrx_word' id='word_1_6' title='bbox 873 559 927 603; x_wconf 89' lang='lat' dir='ltr'>eos</span> <span class='ocrx_word' id='word_1_7' title='bbox 955 545 1042 619; x_wconf 86' lang='lat' dir='ltr'>erat,</span> <span class='ocrx_word' id='word_1_8' title='bbox 1071 537 1127 622; x_wconf 91' lang='lat' dir='ltr'>qui</span> <span class='ocrx_word' id='word_1_9' title='bbox 1157 535 1323 623; x_wconf 82' lang='lat' dir='ltr'>epitheton</span> <span class='ocrx_word' id='word_1_10' title='bbox 1345 535 1496 602; x_wconf 89' lang='lat' dir='ltr'>Homeri·</span> 
     </span>
     <span class='ocr_line' id='line_1_3' title="bbox 354 646 1496 735; baseline 0.002 -22"><span class='ocrx_word' id='word_1_11' title='bbox 354 671 427 714; x_wconf 88' lang='lat' dir='ltr'>eum</span> <span class='ocrx_word' id='word_1_12' title='bbox 456 646 498 713; x_wconf 90' lang='lat' dir='ltr'>ad</span> <span class='ocrx_word' id='word_1_13' title='bbox 528 671 628 712; x_wconf 93' lang='lat' dir='ltr'>unum</span> <span class='ocrx_word' id='word_1_14' title='bbox 655 647 820 735; x_wconf 84' lang='lat' dir='ltr'><strong>quoddam</strong></span> <span class='ocrx_word' id='word_1_15' title='bbox 848 649 986 732; x_wconf 83' lang='lat' dir='ltr'>piscium</span> <span class='ocrx_word' id='word_1_16' title='bbox 1013 668 1119 734; x_wconf 85' lang='lat' dir='ltr'>genus</span> <span class='ocrx_word' id='word_1_17' title='bbox 1145 654 1293 733; x_wconf 87' lang='lat' dir='ltr'>spectare</span> <span class='ocrx_word' id='word_1_18' title='bbox 1320 648 1496 732; x_wconf 84' lang='lat' dir='ltr'>negabant.</span> 
     </span>
     <span class='ocr_line' id='line_1_4' title="bbox 275 750 1495 844; baseline -0.002 -21"><span class='ocrx_word' id='word_1_19' title='bbox 275 834 279 842; x_wconf 28' lang='grc' dir='ltr'>Ι</span> <span class='ocrx_word' id='word_1_20' title='bbox 354 759 459 823; x_wconf 82' lang='lat' dir='ltr'>Erant</span> <span class='ocrx_word' id='word_1_21' title='bbox 486 758 541 844; x_wconf 91' lang='lat' dir='ltr'>qui</span> <span class='ocrx_word' id='word_1_22' title='bbox 570 754 663 842; x_wconf 74' lang='grc' dir='ltr'><strong><em>ἱερὸν</em></strong></span> <span class='ocrx_word' id='word_1_23' title='bbox 691 750 793 839; x_wconf 71' lang='grc' dir='ltr'><strong><em>ἰχθύν</em></strong></span> <span class='ocrx_word' id='word_1_24' title='bbox 823 757 1116 843; x_wconf 88' lang='lat' dir='ltr'>interpretarentur</span> <span class='ocrx_word' id='word_1_25' title='bbox 1148 757 1295 842; x_wconf 83' lang='lat' dir='ltr'>„piscem</span> <span class='ocrx_word' id='word_1_26' title='bbox 1329 756 1380 820; x_wconf 86' lang='lat' dir='ltr'>dis</span> <span class='ocrx_word' id='word_1_27' title='bbox 1409 756 1495 821; x_wconf 87' lang='lat' dir='ltr'>dica-</span> 
     </span>
     <span class='ocr_line' id='line_1_5' title="bbox 354 861 1495 952; baseline -0.004 -18"><span class='ocrx_word' id='word_1_28' title='bbox 354 871 446 934; x_wconf 85' lang='lat' dir='ltr'>tum“</span> <span class='ocrx_word' id='word_1_29' title='bbox 468 866 620 952; x_wconf 85' lang='grc' dir='ltr'><strong><em>(ἀνετον,</em></strong></span> <span class='ocrx_word' id='word_1_30' title='bbox 649 864 792 952; x_wconf 81' lang='grc' dir='ltr'><strong><em>ἀφετον)</em></strong></span> <span class='ocrx_word' id='word_1_31' title='bbox 814 865 930 931; x_wconf 91' lang='lat' dir='ltr'>eodem</span> <span class='ocrx_word' id='word_1_32' title='bbox 950 888 1048 930; x_wconf 88' lang='lat' dir='ltr'>sensu</span> <span class='ocrx_word' id='word_1_33' title='bbox 1071 887 1134 951; x_wconf 92' lang='lat' dir='ltr'>quo</span> <span class='ocrx_word' id='word_1_34' title='bbox 1157 861 1248 949; x_wconf 73' lang='grc' dir='ltr'><strong><em>ιἐρός</em></strong></span> <span class='ocrx_word' id='word_1_35' title='bbox 1268 867 1351 947; x_wconf 82' lang='grc' dir='ltr'><strong><em>βοῦς</em></strong></span> <span class='ocrx_word' id='word_1_36' title='bbox 1372 864 1495 930; x_wconf 82' lang='lat' dir='ltr'>dicere-</span> 
     </span>
     <span class='ocr_line' id='line_1_6' title="bbox 353 974 1496 1065; baseline -0.003 -23"><span class='ocrx_word' id='word_1_37' title='bbox 353 987 420 1062; x_wconf 80' lang='lat' dir='ltr'>tur3</span> <span class='ocrx_word' id='word_1_38' title='bbox 444 978 589 1065; x_wconf 87' lang='lat' dir='ltr'>ineptum</span> <span class='ocrx_word' id='word_1_39' title='bbox 610 975 707 1044; x_wconf 92' lang='lat' dir='ltr'>huius</span> <span class='ocrx_word' id='word_1_40' title='bbox 730 977 891 1064; x_wconf 86' lang='lat' dir='ltr'>opinionis</span> <span class='ocrx_word' id='word_1_41' title='bbox 913 986 1139 1060; x_wconf 83' lang='lat' dir='ltr'>argumentum</span> <span class='ocrx_word' id='word_1_42' title='bbox 1162 975 1196 1039; x_wconf 94' lang='lat' dir='ltr'>in</span> <span class='ocrx_word' id='word_1_43' title='bbox 1218 974 1318 1040; x_wconf 88' lang='lat' dir='ltr'>schol.</span> <span class='ocrx_word' id='word_1_44' title='bbox 1342 976 1374 1040; x_wconf 87' lang='lat' dir='ltr'>A</span> <span class='ocrx_word' id='word_1_45' title='bbox 1396 975 1496 1040; x_wconf 85' lang='lat' dir='ltr'>tradi·</span> 
     </span>
    </p>
   </div>
   <div class='ocr_carea' id='block_1_3' title="bbox 353 1083 1555 1170">
    <p class='ocr_par' dir='ltr' id='par_1_3' title="bbox 353 1083 1555 1170">
     <span class='ocr_line' id='line_1_7' title="bbox 353 1083 1555 1170; baseline -0.007 -18"><span class='ocrx_word' id='word_1_46' title='bbox 353 1096 423 1152; x_wconf 93' lang='lat' dir='ltr'>tum</span> <span class='ocrx_word' id='word_1_47' title='bbox 444 1087 644 1152; x_wconf 90' lang='lat' dir='ltr'>invenimus:</span> <span class='ocrx_word' id='word_1_48' title='bbox 675 1083 731 1152; x_wconf 81' lang='grc' dir='ltr'>ὃιά</span> <span class='ocrx_word' id='word_1_49' title='bbox 754 1083 791 1151; x_wconf 82' lang='grc' dir='ltr'>τὸ</span> <span class='ocrx_word' id='word_1_50' title='bbox 813 1083 858 1170; x_wconf 80' lang='grc' dir='ltr'>μὴ</span> <span class='ocrx_word' id='word_1_51' title='bbox 880 1085 1090 1150; x_wconf 80' lang='grc' dir='ltr'><strong><em>πεπτωκέναι</em></strong></span> <span class='ocrx_word' id='word_1_52' title='bbox 1115 1083 1179 1150; x_wconf 79' lang='grc' dir='ltr'>ὑπὸ</span> <span class='ocrx_word' id='word_1_53' title='bbox 1202 1088 1323 1169; x_wconf 79' lang='grc' dir='ltr'><strong><em>χρῆσιν</em></strong></span> <span class='ocrx_word' id='word_1_54' title='bbox 1344 1085 1407 1168; x_wconf 76' lang='grc' dir='ltr'>τὴν</span> <span class='ocrx_word' id='word_1_55' title='bbox 1430 1083 1494 1149; x_wconf 88' lang='grc' dir='ltr'>ἀτιὸ</span> <span class='ocrx_word' id='word_1_56' title='bbox 1554 1141 1555 1144; x_wconf 74' lang='grc'>,</span> 
     </span>
    </p>
   </div>
   <div class='ocr_carea' id='block_1_4' title="bbox 288 1191 1496 1610">
    <p class='ocr_par' dir='ltr' id='par_1_4' title="bbox 288 1191 1496 1610">
     <span class='ocr_line' id='line_1_8' title="bbox 353 1191 1494 1280; baseline -0.004 -19"><span class='ocrx_word' id='word_1_57' title='bbox 353 1200 423 1262; x_wconf 78' lang='grc' dir='ltr'>τῶν</span> <span class='ocrx_word' id='word_1_58' title='bbox 454 1195 585 1280; x_wconf 75' lang='grc' dir='ltr'><strong><em>ἰχθύων</em></strong></span> <span class='ocrx_word' id='word_1_59' title='bbox 618 1192 750 1280; x_wconf 78' lang='grc' dir='ltr'><strong><em>τροφὴν</em></strong></span> <span class='ocrx_word' id='word_1_60' title='bbox 783 1195 839 1260; x_wconf 80' lang='grc' dir='ltr'>ἐπὶ</span> <span class='ocrx_word' id='word_1_61' title='bbox 872 1199 942 1260; x_wconf 78' lang='grc' dir='ltr'>τῶν</span> <span class='ocrx_word' id='word_1_62' title='bbox 974 1191 1104 1279; x_wconf 77' lang='grc' dir='ltr'><strong><em>ἥρω’ων.</em></strong></span> <span class='ocrx_word' id='word_1_63' title='bbox 1154 1194 1207 1259; x_wconf 80' lang='lat' dir='ltr'>cf.</span> <span class='ocrx_word' id='word_1_64' title='bbox 1242 1192 1342 1258; x_wconf 86' lang='lat' dir='ltr'>schol.</span> <span class='ocrx_word' id='word_1_65' title='bbox 1375 1193 1494 1258; x_wconf 84' lang='lat' dir='ltr'>Aeseh.</span> 
     </span>
     <span class='ocr_line' id='line_1_9' title="bbox 354 1300 1496 1390; baseline -0.003 -21"><span class='ocrx_word' id='word_1_66' title='bbox 354 1306 444 1370; x_wconf 87' lang='lat' dir='ltr'>Pers.</span> <span class='ocrx_word' id='word_1_67' title='bbox 474 1306 545 1372; x_wconf 80' lang='lat'>745.</span> <span class='ocrx_word' id='word_1_68' title='bbox 590 1304 657 1370; x_wconf 88' lang='lat' dir='ltr'>Alii</span> <span class='ocrx_word' id='word_1_69' title='bbox 687 1304 880 1390; x_wconf 85' lang='lat' dir='ltr'>simplicius,</span> <span class='ocrx_word' id='word_1_70' title='bbox 904 1327 1009 1390; x_wconf 90' lang='lat' dir='ltr'>neque</span> <span class='ocrx_word' id='word_1_71' title='bbox 1030 1314 1140 1368; x_wconf 90' lang='lat' dir='ltr'>tamen</span> <span class='ocrx_word' id='word_1_72' title='bbox 1163 1302 1374 1390; x_wconf 73' lang='lat' dir='ltr'>prudentius,</span> <span class='ocrx_word' id='word_1_73' title='bbox 1403 1300 1496 1386; x_wconf 78' lang='grc' dir='ltr'><strong><em>ἱερὸν</em></strong></span> 
     </span>
     <span class='ocr_line' id='line_1_10' title="bbox 354 1409 1496 1501; baseline -0.005 -19"><span class='ocrx_word' id='word_1_74' title='bbox 354 1438 536 1500; x_wconf 87' lang='lat' dir='ltr'>magnum</span> <span class='ocrx_word' id='word_1_75' title='bbox 559 1415 743 1500; x_wconf 84' lang='lat' dir='ltr'>significare</span> <span class='ocrx_word' id='word_1_76' title='bbox 765 1436 860 1500; x_wconf 89' lang='lat' dir='ltr'>posse</span> <span class='ocrx_word' id='word_1_77' title='bbox 883 1416 1059 1501; x_wconf 90' lang='lat' dir='ltr'>eodemque</span> <span class='ocrx_word' id='word_1_78' title='bbox 1075 1435 1172 1478; x_wconf 88' lang='lat' dir='ltr'>sensu</span> <span class='ocrx_word' id='word_1_79' title='bbox 1193 1412 1259 1478; x_wconf 89' lang='lat' dir='ltr'>diei</span> <span class='ocrx_word' id='word_1_80' title='bbox 1282 1409 1375 1497; x_wconf 77' lang='grc' dir='ltr'><strong><em>ἱερὸν</em></strong></span> <span class='ocrx_word' id='word_1_81' title='bbox 1396 1414 1496 1496; x_wconf 82' lang='grc' dir='ltr'><strong><em>μένος</em></strong></span> 
     </span>
     <span class='ocr_line' id='line_1_11' title="bbox 288 1520 1494 1610; baseline -0.002 -22"><span class='ocrx_word' id='word_1_82' title='bbox 288 1528 295 1543; x_wconf 78' lang='grc'><strong>”</strong></span> <span class='ocrx_word' id='word_1_83' title='bbox 351 1522 552 1607; x_wconf 75' lang='grc' dir='ltr'><strong><em>Ἀλκινόοιο,</em></strong></span> <span class='ocrx_word' id='word_1_84' title='bbox 582 1522 708 1588; x_wconf 81' lang='grc' dir='ltr'><strong><em>ὀστοῦν</em></strong></span> <span class='ocrx_word' id='word_1_85' title='bbox 737 1523 846 1608; x_wconf 76' lang='grc' dir='ltr'><strong><em>ἱερόν,</em></strong></span> <span class='ocrx_word' id='word_1_86' title='bbox 882 1520 984 1606; x_wconf 39' lang='grc' dir='ltr'><strong><em>ἱεράν,</em></strong></span> <span class='ocrx_word' id='word_1_87' title='bbox 1004 1523 1108 1588; x_wconf 88' lang='grc' dir='ltr'><strong><em>νόσον</em></strong></span> <span class='ocrx_word' id='word_1_88' title='bbox 1118 1523 1143 1610; x_wconf 86' lang='lat'>¹)</span> <span class='ocrx_word' id='word_1_89' title='bbox 1172 1521 1413 1604; x_wconf 85' lang='lat' dir='ltr'>contendebant</span> <span class='ocrx_word' id='word_1_90' title='bbox 1438 1523 1494 1609; x_wconf 87' lang='lat' dir='ltr'>(ef.</span> 
     </span>
    </p>
   </div>
   <div class='ocr_carea' id='block_1_5' title="bbox 353 1631 1611 1832">
    <p class='ocr_par' dir='ltr' id='par_1_5' title="bbox 353 1631 1611 1832">
     <span class='ocr_line' id='line_1_12' title="bbox 354 1631 1517 1719; baseline -0.002 -21"><span class='ocrx_word' id='word_1_91' title='bbox 354 1635 409 1700; x_wconf 86' lang='lat' dir='ltr'>Et.</span> <span class='ocrx_word' id='word_1_92' title='bbox 432 1634 520 1700; x_wconf 81' lang='lat' dir='ltr'>Gud.</span> <span class='ocrx_word' id='word_1_93' title='bbox 542 1657 575 1719; x_wconf 93' lang='lat' dir='ltr'>p.</span> <span class='ocrx_word' id='word_1_94' title='bbox 599 1634 670 1715; x_wconf 82' lang='lat'><strong>273,</strong></span> <span class='ocrx_word' id='word_1_95' title='bbox 690 1633 739 1697; x_wconf 80' lang='lat'>15.</span> <span class='ocrx_word' id='word_1_96' title='bbox 763 1632 862 1697; x_wconf 90' lang='lat' dir='ltr'>sehol.</span> <span class='ocrx_word' id='word_1_97' title='bbox 885 1631 1064 1718; x_wconf 69' lang='lat' dir='ltr'>OppHal.</span> <span class='ocrx_word' id='word_1_98' title='bbox 1087 1632 1183 1697; x_wconf 84' lang='lat'>1185</span> <span class='ocrx_word' id='word_1_99' title='bbox 1203 1633 1262 1698; x_wconf 95' lang='lat' dir='ltr'>ubi</span> <span class='ocrx_word' id='word_1_100' title='bbox 1285 1631 1374 1717; x_wconf 78' lang='grc' dir='ltr'><strong><em>ἱερός</em></strong></span> <span class='ocrx_word' id='word_1_101' title='bbox 1396 1633 1495 1698; x_wconf 92' lang='lat' dir='ltr'>etiam</span> <span class='ocrx_word' id='word_1_102' title='bbox 1516 1703 1517 1706; x_wconf 8' lang='grc' dir='ltr'><strong>Ἴ</strong></span> 
     </span>
     <span class='ocr_line' id='line_1_13' title="bbox 353 1721 1611 1832; baseline -0.002 -24"><span class='ocrx_word' id='word_1_103' title='bbox 353 1742 456 1819; x_wconf 82' lang='grc' dir='ltr'><strong><em>καλός</em></strong></span> <span class='ocrx_word' id='word_1_104' title='bbox 477 1752 509 1807; x_wconf 89' lang='lat' dir='ltr'>et</span> <span class='ocrx_word' id='word_1_105' title='bbox 529 1745 636 1826; x_wconf 83' lang='grc' dir='ltr'><strong><em>τίμιος</em></strong></span> <span class='ocrx_word' id='word_1_106' title='bbox 658 1741 830 1808; x_wconf 88' lang='lat' dir='ltr'>adieetivis</span> <span class='ocrx_word' id='word_1_107' title='bbox 854 1741 1061 1828; x_wconf 85' lang='lat' dir='ltr'>explicatur).</span> <span class='ocrx_word' id='word_1_108' title='bbox 1081 1721 1309 1806; x_wconf 51' lang='lat' dir='ltr'>¹Aristarchus</span> <span class='ocrx_word' id='word_1_109' title='bbox 1332 1741 1390 1806; x_wconf 89' lang='lat' dir='ltr'>has</span> <span class='ocrx_word' id='word_1_110' title='bbox 1413 1741 1494 1806; x_wconf 87' lang='lat' dir='ltr'>duas</span> <span class='ocrx_word' id='word_1_111' title='bbox 1606 1821 1611 1832; x_wconf 25' lang='grc' dir='ltr'><strong><em>ι</em></strong></span> 
     </span>
    </p>
   </div>
   <div class='ocr_carea' id='block_1_6' title="bbox 354 1847 1495 2047">
    <p class='ocr_par' dir='ltr' id='par_1_6' title="bbox 354 1847 1495 2047">
     <span class='ocr_line' id='line_1_14' title="bbox 354 1847 1495 1940; baseline 0 -24"><span class='ocrx_word' id='word_1_112' title='bbox 354 1853 587 1940; x_wconf 68' lang='lat' dir='ltr'>explicationes</span> <span class='ocrx_word' id='word_1_113' title='bbox 603 1850 841 1938; x_wconf 87' lang='lat' dir='ltr'>quodammodo</span> <span class='ocrx_word' id='word_1_114' title='bbox 858 1851 1043 1916; x_wconf 80' lang='lat' dir='ltr'>coniunxit:</span> <span class='ocrx_word' id='word_1_115' title='bbox 1066 1851 1212 1928; x_wconf 88' lang='lat' dir='ltr'>Ariston.</span> <span class='ocrx_word' id='word_1_116' title='bbox 1237 1847 1322 1915; x_wconf 87' lang='grc' dir='ltr'>ἀλλά</span> <span class='ocrx_word' id='word_1_117' title='bbox 1344 1851 1495 1916; x_wconf 85' lang='grc' dir='ltr'><strong><em>κοινότε-</em></strong></span> 
     </span>
     <span class='ocr_line' id='line_1_15' title="bbox 355 1955 1495 2047; baseline -0.004 -19"><span class='ocrx_word' id='word_1_118' title='bbox 355 1984 416 2047; x_wconf 90' lang='grc' dir='ltr'>ρον</span> <span class='ocrx_word' id='word_1_119' title='bbox 445 1960 516 2027; x_wconf 79' lang='grc' dir='ltr'>τὸν</span> <span class='ocrx_word' id='word_1_120' title='bbox 544 1960 691 2027; x_wconf 81' lang='grc' dir='ltr'><strong><em>ἄνετον</em></strong></span> <span class='ocrx_word' id='word_1_121' title='bbox 718 1961 784 2024; x_wconf 81' lang='grc' dir='ltr'>καὶ</span> <span class='ocrx_word' id='word_1_122' title='bbox 812 1957 1015 2046; x_wconf 76' lang='grc' dir='ltr'><strong><em>εὐτραφῆ,</em></strong></span> <span class='ocrx_word' id='word_1_123' title='bbox 1044 1955 1089 2037; x_wconf 73' lang='grc' dir='ltr'>ὥς</span> <span class='ocrx_word' id='word_1_124' title='bbox 1116 1957 1323 2044; x_wconf 79' lang='grc' dir='ltr'><strong><em>λερὸνβοῠν</em></strong></span> <span class='ocrx_word' id='word_1_125' title='bbox 1353 1962 1495 2044; x_wconf 68' lang='grc' dir='ltr'><strong><em>λέγομεν</em></strong></span> 
     </span>
    </p>
   </div>
   <div class='ocr_carea' id='block_1_7' title="bbox 352 2067 1590 2155">
    <p class='ocr_par' dir='ltr' id='par_1_7' title="bbox 352 2067 1590 2155">
     <span class='ocr_line' id='line_1_16' title="bbox 352 2067 1590 2155; baseline -0.001 -18"><span class='ocrx_word' id='word_1_126' title='bbox 352 2069 413 2138; x_wconf 86' lang='grc' dir='ltr'>τόν</span> <span class='ocrx_word' id='word_1_127' title='bbox 441 2070 629 2155; x_wconf 80' lang='grc' dir='ltr'><strong><em>ἀνειμένον.</em></strong></span> <span class='ocrx_word' id='word_1_128' title='bbox 679 2069 786 2139; x_wconf 85' lang='lat' dir='ltr'>Schol.</span> <span class='ocrx_word' id='word_1_129' title='bbox 810 2069 842 2133; x_wconf 93' lang='lat' dir='ltr'>V</span> <span class='ocrx_word' id='word_1_130' title='bbox 872 2067 1012 2155; x_wconf 89' lang='grc' dir='ltr'><strong><em>ἀμεινον</em></strong></span> <span class='ocrx_word' id='word_1_131' title='bbox 1042 2070 1079 2135; x_wconf 79' lang='grc' dir='ltr'>δὲ</span> <span class='ocrx_word' id='word_1_132' title='bbox 1106 2068 1213 2152; x_wconf 79' lang='grc' dir='ltr'><strong><em>μέναν</em></strong></span> <span class='ocrx_word' id='word_1_133' title='bbox 1242 2070 1298 2134; x_wconf 81' lang='grc' dir='ltr'>καλ</span> <span class='ocrx_word' id='word_1_134' title='bbox 1326 2067 1494 2154; x_wconf 84' lang='grc' dir='ltr'><strong><em>ἀσυνήθη,</em></strong></span> <span class='ocrx_word' id='word_1_135' title='bbox 1586 2149 1590 2154; x_wconf 92' lang='lat'>.</span> 
     </span>
    </p>
   </div>
   <div class='ocr_carea' id='block_1_8' title="bbox 324 2165 1495 2486">
    <p class='ocr_par' dir='ltr' id='par_1_8' title="bbox 324 2165 1495 2486">
     <span class='ocr_line' id='line_1_17' title="bbox 352 2165 1492 2266; baseline -0.004 -19"><span class='ocrx_word' id='word_1_136' title='bbox 352 2189 446 2257; x_wconf 79' lang='grc' dir='ltr'><strong><em>θεοῖς</em></strong></span> <span class='ocrx_word' id='word_1_137' title='bbox 467 2178 644 2265; x_wconf 77' lang='grc' dir='ltr'><strong><em>ἀνειμένον</em></strong></span> <span class='ocrx_word' id='word_1_138' title='bbox 665 2182 874 2256; x_wconf 79' lang='grc' dir='ltr'><strong><em>θαλασσίοις.</em></strong></span> <span class='ocrx_word' id='word_1_139' title='bbox 919 2179 1030 2266; x_wconf 88' lang='lat' dir='ltr'>Apoll.</span> <span class='ocrx_word' id='word_1_140' title='bbox 1048 2165 1131 2245; x_wconf 86' lang='lat' dir='ltr'>Lex.</span> <span class='ocrx_word' id='word_1_141' title='bbox 1148 2203 1179 2266; x_wconf 91' lang='lat' dir='ltr'>p.</span> <span class='ocrx_word' id='word_1_142' title='bbox 1195 2180 1238 2245; x_wconf 86' lang='lat'>90</span> <span class='ocrx_word' id='word_1_143' title='bbox 1260 2179 1352 2264; x_wconf 77' lang='grc' dir='ltr'><strong><em>ἱερὸν</em></strong></span> <span class='ocrx_word' id='word_1_144' title='bbox 1374 2178 1492 2264; x_wconf 81' lang='grc' dir='ltr'><strong><em>ἰχθύν·</em></strong></span> 
     </span>
     <span class='ocr_line' id='line_1_18' title="bbox 324 2281 1495 2375; baseline -0.003 -20"><span class='ocrx_word' id='word_1_145' title='bbox 324 2317 330 2330; x_wconf 67' lang='grc'>·’</span> <span class='ocrx_word' id='word_1_146' title='bbox 352 2287 424 2374; x_wconf 75' lang='grc' dir='ltr'><strong><em>ἤτοι</em></strong></span> <span class='ocrx_word' id='word_1_147' title='bbox 439 2289 499 2355; x_wconf 85' lang='grc' dir='ltr'>τὸν</span> <span class='ocrx_word' id='word_1_148' title='bbox 513 2290 630 2375; x_wconf 76' lang='grc' dir='ltr'><strong><em>μέγαν,</em></strong></span> <span class='ocrx_word' id='word_1_149' title='bbox 651 2287 674 2373; x_wconf 79' lang='grc' dir='ltr'><em>ἢ</em></span> <span class='ocrx_word' id='word_1_150' title='bbox 695 2287 764 2355; x_wconf 83' lang='grc' dir='ltr'>τὸν</span> <span class='ocrx_word' id='word_1_151' title='bbox 787 2287 936 2354; x_wconf 87' lang='grc' dir='ltr'><strong><em>ἀνετον</em></strong></span> <span class='ocrx_word' id='word_1_152' title='bbox 958 2289 1026 2354; x_wconf 80' lang='grc' dir='ltr'>καὶ</span> <span class='ocrx_word' id='word_1_153' title='bbox 1048 2288 1308 2373; x_wconf 77' lang='grc' dir='ltr'><strong><em>διαφέροντα</em></strong></span> <span class='ocrx_word' id='word_1_154' title='bbox 1329 2293 1410 2354; x_wconf 83' lang='grc' dir='ltr'>τῶν</span> <span class='ocrx_word' id='word_1_155' title='bbox 1429 2281 1495 2353; x_wconf 85' lang='grc' dir='ltr'>ἀλ-</span> 
     </span>
     <span class='ocr_line' id='line_1_19' title="bbox 353 2395 1492 2486; baseline 0.001 -24"><span class='ocrx_word' id='word_1_156' title='bbox 353 2402 443 2464; x_wconf 90' lang='grc' dir='ltr'><strong><em>λων.</em></strong></span> <span class='ocrx_word' id='word_1_157' title='bbox 476 2399 621 2486; x_wconf 87' lang='lat' dir='ltr'>Hesyoh.</span> <span class='ocrx_word' id='word_1_158' title='bbox 640 2396 732 2483; x_wconf 71' lang='grc' dir='ltr'><strong><em>ἱερὸν</em></strong></span> <span class='ocrx_word' id='word_1_159' title='bbox 748 2397 868 2482; x_wconf 79' lang='grc' dir='ltr'><strong><em>ἰχθύν·</em></strong></span> <span class='ocrx_word' id='word_1_160' title='bbox 892 2395 964 2463; x_wconf 84' lang='grc' dir='ltr'>τὸν</span> <span class='ocrx_word' id='word_1_161' title='bbox 985 2397 1113 2482; x_wconf 80' lang='grc' dir='ltr'><strong><em>μέναν</em></strong></span> <span class='ocrx_word' id='word_1_162' title='bbox 1133 2398 1199 2462; x_wconf 82' lang='grc' dir='ltr'>καλ</span> <span class='ocrx_word' id='word_1_163' title='bbox 1221 2396 1372 2463; x_wconf 85' lang='grc' dir='ltr'><strong><em>ἀνετον</em></strong></span> <span class='ocrx_word' id='word_1_164' title='bbox 1387 2398 1492 2481; x_wconf 77' lang='grc' dir='ltr'><strong><em>λε’νεν</em></strong></span> 
     </span>
    </p>
   </div>
   <div class='ocr_carea' id='block_1_9' title="bbox 354 2495 1547 2602">
    <p class='ocr_par' dir='ltr' id='par_1_9' title="bbox 354 2495 1547 2602">
     <span class='ocr_line' id='line_1_20' title="bbox 354 2495 1547 2602; baseline -0.001 -29"><span class='ocrx_word' id='word_1_165' title='bbox 354 2507 447 2594; x_wconf 78' lang='grc' dir='ltr'><strong><em>ἱερὸν</em></strong></span> <span class='ocrx_word' id='word_1_166' title='bbox 469 2502 533 2593; x_wconf 83' lang='grc' dir='ltr'>μὰρ</span> <span class='ocrx_word' id='word_1_167' title='bbox 556 2505 594 2572; x_wconf 87' lang='grc' dir='ltr'>τό</span> <span class='ocrx_word' id='word_1_168' title='bbox 609 2509 703 2592; x_wconf 77' lang='grc' dir='ltr'><strong><em>μέγα.</em></strong></span> <span class='ocrx_word' id='word_1_169' title='bbox 741 2509 893 2602; x_wconf 88' lang='lat' dir='ltr'>Denique</span> <span class='ocrx_word' id='word_1_170' title='bbox 913 2508 1009 2593; x_wconf 85' lang='lat' dir='ltr'>longe</span> <span class='ocrx_word' id='word_1_171' title='bbox 1024 2506 1189 2572; x_wconf 91' lang='lat' dir='ltr'>diversam</span> <span class='ocrx_word' id='word_1_172' title='bbox 1205 2507 1391 2595; x_wconf 86' lang='lat' dir='ltr'>explicandi</span> <span class='ocrx_word' id='word_1_173' title='bbox 1406 2495 1495 2572; x_wconf 84' lang='lat' dir='ltr'>viam</span> <span class='ocrx_word' id='word_1_174' title='bbox 1544 2561 1547 2572; x_wconf 67' lang='grc'><strong><em>.</em></strong></span> 
     </span>
    </p>
   </div>
   <div class='ocr_carea' id='block_1_10' title="bbox 266 2615 1495 3797">
    <p class='ocr_par' dir='ltr' id='par_1_10' title="bbox 266 2615 1495 3692">
     <span class='ocr_line' id='line_1_21' title="bbox 266 2615 1494 2710; baseline 0 -29"><span class='ocrx_word' id='word_1_175' title='bbox 266 2662 268 2666; x_wconf 91' lang='grc'>-</span> <span class='ocrx_word' id='word_1_176' title='bbox 352 2619 593 2710; x_wconf 65' lang='grc' dir='ltr'><strong><em>ἱοςτοεεὶειιολ</em></strong></span> <span class='ocrx_word' id='word_1_177' title='bbox 613 2619 638 2682; x_wconf 93' lang='lat' dir='ltr'>ii</span> <span class='ocrx_word' id='word_1_178' title='bbox 660 2620 715 2703; x_wconf 90' lang='lat' dir='ltr'>qui</span> <span class='ocrx_word' id='word_1_179' title='bbox 738 2618 907 2702; x_wconf 76' lang='grc' dir='ltr'><strong><em>ἱέμενον</em></strong></span> <span class='ocrx_word' id='word_1_180' title='bbox 928 2616 1013 2701; x_wconf 83' lang='grc' dir='ltr'><strong><em>πρὸς</em></strong></span> <span class='ocrx_word' id='word_1_181' title='bbox 1027 2619 1087 2682; x_wconf 90' lang='grc' dir='ltr'>τὸν</span> <span class='ocrx_word' id='word_1_182' title='bbox 1103 2615 1223 2702; x_wconf 51' lang='grc' dir='ltr'><strong><em>ῥοῦνῖ)</em></strong></span> <span class='ocrx_word' id='word_1_183' title='bbox 1247 2619 1335 2704; x_wconf 92' lang='lat' dir='ltr'>iique</span> <span class='ocrx_word' id='word_1_184' title='bbox 1356 2618 1413 2703; x_wconf 88' lang='lat' dir='ltr'>qui</span> <span class='ocrx_word' id='word_1_185' title='bbox 1434 2615 1494 2681; x_wconf 86' lang='grc' dir='ltr'>τὸν</span> 
     </span>
     <span class='ocr_line' id='line_1_22' title="bbox 353 2726 1493 2819; baseline -0.003 -26"><span class='ocrx_word' id='word_1_186' title='bbox 353 2727 494 2813; x_wconf 81' lang='grc' dir='ltr'><strong><em>ὃιερόν</em></strong></span> <span class='ocrx_word' id='word_1_187' title='bbox 516 2728 744 2819; x_wconf 76' lang='lat' dir='ltr'>explicuerunt</span> <span class='ocrx_word' id='word_1_188' title='bbox 765 2728 965 2814; x_wconf 88' lang='lat' dir='ltr'>(inquorum</span> <span class='ocrx_word' id='word_1_189' title='bbox 986 2749 1120 2792; x_wconf 89' lang='lat' dir='ltr'>numero</span> <span class='ocrx_word' id='word_1_190' title='bbox 1142 2727 1206 2792; x_wconf 88' lang='lat' dir='ltr'>fuit</span> <span class='ocrx_word' id='word_1_191' title='bbox 1222 2726 1445 2812; x_wconf 85' lang='lat' dir='ltr'>Herodianus)</span> <span class='ocrx_word' id='word_1_192' title='bbox 1456 2727 1493 2810; x_wconf 85' lang='grc'>3),</span> 
     </span>
     <span class='ocr_line' id='line_1_23' title="bbox 352 2836 1495 2926; baseline -0.002 -24"><span class='ocrx_word' id='word_1_193' title='bbox 352 2848 449 2925; x_wconf 89' lang='lat' dir='ltr'>atque</span> <span class='ocrx_word' id='word_1_194' title='bbox 471 2837 505 2901; x_wconf 89' lang='lat' dir='ltr'>hi</span> <span class='ocrx_word' id='word_1_195' title='bbox 527 2838 660 2926; x_wconf 88' lang='lat' dir='ltr'>quidem</span> <span class='ocrx_word' id='word_1_196' title='bbox 681 2839 782 2902; x_wconf 86' lang='lat' dir='ltr'>variis</span> <span class='ocrx_word' id='word_1_197' title='bbox 803 2837 893 2901; x_wconf 89' lang='lat' dir='ltr'>voeis</span> <span class='ocrx_word' id='word_1_198' title='bbox 917 2836 1301 2918; x_wconf 67' lang='lat' dir='ltr'>‹iaspis-derivationibus</span> <span class='ocrx_word' id='word_1_199' title='bbox 1322 2838 1384 2920; x_wconf 83' lang='lat' dir='ltr'>usi,</span> <span class='ocrx_word' id='word_1_200' title='bbox 1408 2836 1495 2922; x_wconf 90' lang='lat' dir='ltr'>quod</span> 
     </span>
     <span class='ocr_line' id='line_1_24' title="bbox 351 2937 1493 3034; baseline -0.001 -23"><span class='ocrx_word' id='word_1_201' title='bbox 351 2957 488 3034; x_wconf 86' lang='lat' dir='ltr'>apparet</span> <span class='ocrx_word' id='word_1_202' title='bbox 510 2968 553 3011; x_wconf 85' lang='lat' dir='ltr'>ex</span> <span class='ocrx_word' id='word_1_203' title='bbox 574 2948 721 3034; x_wconf 75' lang='lat' dir='ltr'>Etym.⁴)</span> <span class='ocrx_word' id='word_1_204' title='bbox 745 2945 833 3022; x_wconf 80' lang='grc' dir='ltr'><strong><em>τινὲς</em></strong></span> <span class='ocrx_word' id='word_1_205' title='bbox 848 2937 939 3030; x_wconf 79' lang='grc' dir='ltr'><strong><em>παρὰ</em></strong></span> <span class='ocrx_word' id='word_1_206' title='bbox 953 2943 991 3010; x_wconf 86' lang='grc' dir='ltr'>τὸ</span> <span class='ocrx_word' id='word_1_207' title='bbox 1013 2947 1160 3011; x_wconf 76' lang='grc' dir='ltr'><strong><em>διαίνω</em></strong></span> <span class='ocrx_word' id='word_1_208' title='bbox 1183 2943 1221 3010; x_wconf 86' lang='grc' dir='ltr'>τὸ</span> <span class='ocrx_word' id='word_1_209' title='bbox 1244 2947 1353 3030; x_wconf 79' lang='grc' dir='ltr'><strong><em>βρέχω</em></strong></span> <span class='ocrx_word' id='word_1_210' title='bbox 1371 2946 1493 3031; x_wconf 80' lang='grc' dir='ltr'><strong><em>διερός,</em></strong></span> 
     </span>
     <span class='ocr_line' id='line_1_25' title="bbox 289 3052 1494 3150; baseline -0.002 -28"><span class='ocrx_word' id='word_1_211' title='bbox 289 3145 292 3150; x_wconf 19' lang='lat'><em>¹</em></span> <span class='ocrx_word' id='word_1_212' title='bbox 351 3056 408 3122; x_wconf 81' lang='lat' dir='ltr'>aul</span> <span class='ocrx_word' id='word_1_213' title='bbox 432 3052 523 3140; x_wconf 79' lang='grc' dir='ltr'><strong><em>ἱερὸν</em></strong></span> <span class='ocrx_word' id='word_1_214' title='bbox 544 3056 606 3122; x_wconf 82' lang='grc' dir='ltr'>τὸν</span> <span class='ocrx_word' id='word_1_215' title='bbox 628 3054 680 3120; x_wconf 79' lang='grc' dir='ltr'><strong><em>ἀεὶ</em></strong></span> <span class='ocrx_word' id='word_1_216' title='bbox 703 3055 741 3122; x_wconf 76' lang='grc' dir='ltr'>ἐν</span> <span class='ocrx_word' id='word_1_217' title='bbox 763 3053 861 3120; x_wconf 76' lang='grc' dir='ltr'><strong><em>ὕδατι</em></strong></span> <span class='ocrx_word' id='word_1_218' title='bbox 875 3053 1081 3140; x_wconf 83' lang='grc' dir='ltr'><strong><em>βρεχόμενον</em></strong></span> <span class='ocrx_word' id='word_1_219' title='bbox 1089 3057 1115 3140; x_wconf 86' lang='lat'>⁵)</span> <span class='ocrx_word' id='word_1_220' title='bbox 1138 3053 1223 3120; x_wconf 80' lang='grc' dir='ltr'><strong><em>κατὰ</em></strong></span> <span class='ocrx_word' id='word_1_221' title='bbox 1237 3052 1411 3141; x_wconf 78' lang='grc' dir='ltr'><strong><em>ἀποβολὴν</em></strong></span> <span class='ocrx_word' id='word_1_222' title='bbox 1433 3060 1494 3122; x_wconf 83' lang='grc' dir='ltr'>τοῦ</span> 
     </span>
     <span class='ocr_line' id='line_1_26' title="bbox 352 3148 1494 3250; baseline -0.002 -20"><span class='ocrx_word' id='word_1_223' title='bbox 352 3168 389 3249; x_wconf 80' lang='grc' dir='ltr'>θ,</span> <span class='ocrx_word' id='word_1_224' title='bbox 417 3155 492 3230; x_wconf 78' lang='grc' dir='ltr'><strong><em>οἷον</em></strong></span> <span class='ocrx_word' id='word_1_225' title='bbox 520 3163 623 3248; x_wconf 81' lang='grc' dir='ltr'><strong><em>,,ἔνθ’</em></strong></span> <span class='ocrx_word' id='word_1_226' title='bbox 645 3165 732 3250; x_wconf 79' lang='grc' dir='ltr'><strong><em>ἤτοι</em></strong></span> <span class='ocrx_word' id='word_1_227' title='bbox 747 3164 810 3247; x_wconf 77' lang='grc' dir='ltr'>μὲν</span> <span class='ocrx_word' id='word_1_228' title='bbox 839 3161 904 3246; x_wconf 75' lang='grc' dir='ltr'>ἐγώ</span> <span class='ocrx_word' id='word_1_229' title='bbox 927 3148 1029 3250; x_wconf 72' lang='grc' dir='ltr'><strong><em>διερῷ</em></strong></span> <span class='ocrx_word' id='word_1_230' title='bbox 1056 3165 1173 3230; x_wconf 77' lang='grc' dir='ltr'><strong><em>τιοθί.“</em></strong></span> <span class='ocrx_word' id='word_1_231' title='bbox 1194 3177 1199 3186; x_wconf 82' lang='grc'><em>“</em></span> <span class='ocrx_word' id='word_1_232' title='bbox 1217 3165 1253 3228; x_wconf 82' lang='grc' dir='ltr'>ολ</span> <span class='ocrx_word' id='word_1_233' title='bbox 1277 3163 1315 3229; x_wconf 75' lang='grc' dir='ltr'>δὲ</span> <span class='ocrx_word' id='word_1_234' title='bbox 1342 3163 1434 3249; x_wconf 87' lang='grc' dir='ltr'><strong><em>τιαρά</em></strong></span> <span class='ocrx_word' id='word_1_235' title='bbox 1456 3164 1494 3229; x_wconf 86' lang='grc' dir='ltr'><strong><em>τὸ</em></strong></span> 
     </span>
     <span class='ocr_line' id='line_1_27' title="bbox 352 3271 1493 3361; baseline -0.004 -19"><span class='ocrx_word' id='word_1_236' title='bbox 352 3277 422 3355; x_wconf 79' lang='grc' dir='ltr'>ἀίωΙ</span> <span class='ocrx_word' id='word_1_237' title='bbox 444 3273 482 3342; x_wconf 83' lang='grc' dir='ltr'>τὸ</span> <span class='ocrx_word' id='word_1_238' title='bbox 505 3274 769 3361; x_wconf 76' lang='grc' dir='ltr'><strong><em>θιαλκωάιερός,</em></strong></span> <span class='ocrx_word' id='word_1_239' title='bbox 794 3272 854 3352; x_wconf 80' lang='grc' dir='ltr'>ααλ</span> <span class='ocrx_word' id='word_1_240' title='bbox 878 3271 965 3358; x_wconf 81' lang='grc' dir='ltr'><strong><em>ἱερὸς</em></strong></span> <span class='ocrx_word' id='word_1_241' title='bbox 991 3271 1012 3352; x_wconf 41' lang='grc' dir='ltr'>,ὁ</span> <span class='ocrx_word' id='word_1_242' title='bbox 1034 3272 1137 3358; x_wconf 76' lang='grc' dir='ltr'><strong><em>ταχύς</em></strong></span> <span class='ocrx_word' id='word_1_243' title='bbox 1163 3274 1220 3342; x_wconf 83' lang='grc' dir='ltr'>καὶ</span> <span class='ocrx_word' id='word_1_244' title='bbox 1242 3273 1428 3350; x_wconf 81' lang='grc' dir='ltr'><strong><em>ὃιωιιτικός.</em></strong></span> <span class='ocrx_word' id='word_1_245' title='bbox 1451 3313 1493 3324; x_wconf 91' lang='grc'><strong>-</strong></span> 
     </span>
     <span class='ocr_line' id='line_1_28' title="bbox 351 3385 1491 3472; baseline 0 -23"><span class='ocrx_word' id='word_1_246' title='bbox 351 3385 414 3450; x_wconf 88' lang='lat' dir='ltr'>His</span> <span class='ocrx_word' id='word_1_247' title='bbox 437 3387 586 3451; x_wconf 88' lang='lat' dir='ltr'>omnibus</span> <span class='ocrx_word' id='word_1_248' title='bbox 609 3395 756 3451; x_wconf 87' lang='lat' dir='ltr'>veterum</span> <span class='ocrx_word' id='word_1_249' title='bbox 777 3386 1064 3470; x_wconf 84' lang='lat' dir='ltr'>grammaticorum</span> <span class='ocrx_word' id='word_1_250' title='bbox 1085 3385 1410 3472; x_wconf 88' lang='lat' dir='ltr'>interpretationibus</span> <span class='ocrx_word' id='word_1_251' title='bbox 1432 3386 1491 3450; x_wconf 92' lang='lat' dir='ltr'>mi-</span> 
     </span>
     <span class='ocr_line' id='line_1_29' title="bbox 349 3493 1492 3582; baseline -0.003 -22"><span class='ocrx_word' id='word_1_252' title='bbox 349 3494 484 3560; x_wconf 86' lang='lat' dir='ltr'>rabilior</span> <span class='ocrx_word' id='word_1_253' title='bbox 513 3505 562 3562; x_wconf 89' lang='lat' dir='ltr'>est</span> <span class='ocrx_word' id='word_1_254' title='bbox 589 3517 627 3561; x_wconf 88' lang='lat' dir='ltr'>ea</span> <span class='ocrx_word' id='word_1_255' title='bbox 656 3517 755 3582; x_wconf 89' lang='lat' dir='ltr'>quam</span> <span class='ocrx_word' id='word_1_256' title='bbox 781 3493 971 3560; x_wconf 84' lang='lat' dir='ltr'>Nitzsohius</span> <span class='ocrx_word' id='word_1_257' title='bbox 1002 3496 1143 3560; x_wconf 87' lang='lat' dir='ltr'>invenit:</span> <span class='ocrx_word' id='word_1_258' title='bbox 1160 3494 1318 3578; x_wconf 82' lang='lat' dir='ltr'>·,‚Fisohe</span> <span class='ocrx_word' id='word_1_259' title='bbox 1346 3495 1421 3559; x_wconf 90' lang='lat' dir='ltr'>sind</span> <span class='ocrx_word' id='word_1_260' title='bbox 1447 3495 1492 3558; x_wconf 92' lang='lat' dir='ltr'>im</span> 
     </span>
     <span class='ocr_line' id='line_1_30' title="bbox 351 3604 1490 3692; baseline -0.002 -23"><span class='ocrx_word' id='word_1_261' title='bbox 351 3605 476 3670; x_wconf 88' lang='lat' dir='ltr'>Homer</span> <span class='ocrx_word' id='word_1_262' title='bbox 495 3626 558 3669; x_wconf 89' lang='lat' dir='ltr'>nur</span> <span class='ocrx_word' id='word_1_263' title='bbox 579 3606 651 3669; x_wconf 89' lang='lat' dir='ltr'>eine</span> <span class='ocrx_word' id='word_1_264' title='bbox 674 3605 786 3692; x_wconf 81' lang='lat' dir='ltr'>Speise</span> <span class='ocrx_word' id='word_1_265' title='bbox 808 3606 868 3669; x_wconf 90' lang='lat' dir='ltr'>der</span> <span class='ocrx_word' id='word_1_266' title='bbox 882 3604 971 3670; x_wconf 89' lang='lat' dir='ltr'>Noth</span> <span class='ocrx_word' id='word_1_267' title='bbox 994 3605 1072 3670; x_wconf 87' lang='lat' dir='ltr'>oder</span> <span class='ocrx_word' id='word_1_268' title='bbox 1094 3605 1152 3669; x_wconf 90' lang='lat' dir='ltr'>der</span> <span class='ocrx_word' id='word_1_269' title='bbox 1173 3605 1330 3670; x_wconf 89' lang='lat' dir='ltr'>Armuth:</span> <span class='ocrx_word' id='word_1_270' title='bbox 1355 3606 1407 3668; x_wconf 92' lang='lat' dir='ltr'>ein</span> <span class='ocrx_word' id='word_1_271' title='bbox 1429 3627 1490 3690; x_wconf 84' lang='lat' dir='ltr'>ge·</span> 
     </span>
    </p>

    <p class='ocr_par' dir='ltr' id='par_1_11' title="bbox 350 3713 1492 3797">
     <span class='ocr_line' id='line_1_31' title="bbox 350 3713 1492 3797; baseline -0.002 -17"><span class='ocrx_word' id='word_1_272' title='bbox 350 3726 542 3797; x_wconf 87' lang='lat' dir='ltr'>segneter</span> <span class='ocrx_word' id='word_1_273' title='bbox 569 3715 660 3780; x_wconf 88' lang='lat' dir='ltr'>kann</span> <span class='ocrx_word' id='word_1_274' title='bbox 686 3715 745 3780; x_wconf 87' lang='lat' dir='ltr'>der</span> <span class='ocrx_word' id='word_1_275' title='bbox 774 3713 875 3781; x_wconf 84' lang='lat' dir='ltr'>Fisoh</span> <span class='ocrx_word' id='word_1_276' title='bbox 899 3715 1032 3780; x_wconf 87' lang='lat' dir='ltr'>heissen</span> <span class='ocrx_word' id='word_1_277' title='bbox 1058 3715 1223 3780; x_wconf 89' lang='lat' dir='ltr'>entweder</span> <span class='ocrx_word' id='word_1_278' title='bbox 1250 3714 1324 3781; x_wconf 86' lang='lat' dir='ltr'>weil</span> <span class='ocrx_word' id='word_1_279' title='bbox 1354 3715 1411 3780; x_wconf 92' lang='lat' dir='ltr'>ihn</span> <span class='ocrx_word' id='word_1_280' title='bbox 1438 3715 1492 3778; x_wconf 92' lang='lat' dir='ltr'>ein</span> 
     </span>
    </p>
   </div>
   <div class='ocr_carea' id='block_1_11' title="bbox 348 3986 1489 4464">
    <p class='ocr_par' dir='ltr' id='par_1_12' title="bbox 350 3986 1488 4189">
     <span class='ocr_line' id='line_1_32' title="bbox 420 3986 1488 4056; baseline -0.002 -18"><span class='ocrx_word' id='word_1_281' title='bbox 420 3989 444 4052; x_wconf 83' lang='lat' dir='ltr'>l)</span> <span class='ocrx_word' id='word_1_282' title='bbox 463 3991 494 4039; x_wconf 87' lang='lat' dir='ltr'>V.</span> <span class='ocrx_word' id='word_1_283' title='bbox 513 3991 609 4056; x_wconf 90' lang='lat' dir='ltr'>Haupt</span> <span class='ocrx_word' id='word_1_284' title='bbox 626 3989 741 4040; x_wconf 87' lang='lat' dir='ltr'>Hermes</span> <span class='ocrx_word' id='word_1_285' title='bbox 759 3989 816 4053; x_wconf 90' lang='lat' dir='ltr'>Ip.</span> <span class='ocrx_word' id='word_1_286' title='bbox 833 3990 865 4038; x_wconf 80' lang='lat'>21</span> <span class='ocrx_word' id='word_1_287' title='bbox 879 4003 939 4054; x_wconf 89' lang='lat' dir='ltr'>sqq</span> <span class='ocrx_word' id='word_1_288' title='bbox 1033 3986 1060 4052; x_wconf 79' lang='lat'>2)</span> <span class='ocrx_word' id='word_1_289' title='bbox 1079 3988 1122 4037; x_wconf 82' lang='lat' dir='ltr'>Its</span> <span class='ocrx_word' id='word_1_290' title='bbox 1140 3987 1203 4038; x_wconf 80' lang='lat' dir='ltr'>Ath.</span> <span class='ocrx_word' id='word_1_291' title='bbox 1222 4004 1249 4053; x_wconf 93' lang='lat' dir='ltr'>p.</span> <span class='ocrx_word' id='word_1_292' title='bbox 1269 3990 1320 4039; x_wconf 82' lang='lat'>284</span> <span class='ocrx_word' id='word_1_293' title='bbox 1336 3989 1370 4038; x_wconf 95' lang='lat' dir='ltr'>D.</span> <span class='ocrx_word' id='word_1_294' title='bbox 1399 3987 1488 4048; x_wconf 82' lang='lat' dir='ltr'>Quare</span> 
     </span>
     <span class='ocr_line' id='line_1_33' title="bbox 350 4049 1489 4122; baseline -0.002 -16"><span class='ocrx_word' id='word_1_295' title='bbox 350 4057 422 4122; x_wconf 85' lang='lat' dir='ltr'>apud</span> <span class='ocrx_word' id='word_1_296' title='bbox 443 4055 649 4108; x_wconf 82' lang='lat' dir='ltr'>Plutarchum&#39;</span> <span class='ocrx_word' id='word_1_297' title='bbox 641 4073 669 4106; x_wconf 90' lang='lat' dir='ltr'>m</span> <span class='ocrx_word' id='word_1_298' title='bbox 691 4055 792 4106; x_wconf 84' lang='lat' dir='ltr'>tradita</span> <span class='ocrx_word' id='word_1_299' title='bbox 815 4055 931 4106; x_wconf 81' lang='lat' dir='ltr'>lectione</span> <span class='ocrx_word' id='word_1_300' title='bbox 960 4049 1074 4120; x_wconf 74' lang='grc' dir='ltr'><strong><em>[έμενον</em></strong></span> <span class='ocrx_word' id='word_1_301' title='bbox 1097 4057 1335 4122; x_wconf 78' lang='lat' dir='ltr'>acquiescendum:</span> <span class='ocrx_word' id='word_1_302' title='bbox 1364 4055 1489 4117; x_wconf 83' lang='lat' dir='ltr'>Wytten·</span> 
     </span>
     <span class='ocr_line' id='line_1_34' title="bbox 350 4115 1370 4201; baseline -0.003 -27"><span class='ocrx_word' id='word_1_303' title='bbox 350 4124 464 4174; x_wconf 85' lang='lat' dir='ltr'>baehins</span> <span class='ocrx_word' id='word_1_304' title='bbox 511 4126 638 4175; x_wconf 88' lang='lat' dir='ltr'>enuiuam</span> <span class='ocrx_word' id='word_1_305' title='bbox 663 4124 827 4188; x_wconf 78' lang='lat' dir='ltr'>scripturam</span> <span class='ocrx_word' id='word_1_306' title='bbox 850 4115 1003 4189; x_wconf 77' lang='grc' dir='ltr'><strong><em>ἀνιέμενον</em></strong></span> <span class='ocrx_word' id='word_1_307' title='bbox 1026 4124 1110 4174; x_wconf 82' lang='lat' dir='ltr'>fuisse</span> <span class='ocrx_word' id='word_1_308' title='bbox 1136 4126 1294 4201; x_wconf 85' lang='lat' dir='ltr'>suspicatus</span> <span class='ocrx_word' id='word_1_309' title='bbox 1320 4127 1370 4173; x_wconf 87' lang='lat' dir='ltr'>est.</span> 
     </span>
    </p>

    <p class='ocr_par' dir='ltr' id='par_1_13' title="bbox 348 4141 1489 4460">
     <span class='ocr_line' id='line_1_35' title="bbox 350 4141 1489 4255; baseline -0.004 -13"><span class='ocrx_word' id='word_1_310' title='bbox 350 4191 375 4251; x_wconf 89' lang='grc'>3)</span> <span class='ocrx_word' id='word_1_311' title='bbox 393 4141 533 4240; x_wconf 73' lang='lat' dir='ltr'>Eustatlii</span> <span class='ocrx_word' id='word_1_312' title='bbox 554 4193 643 4242; x_wconf 86' lang='lat' dir='ltr'>verbis</span> <span class='ocrx_word' id='word_1_313' title='bbox 667 4191 709 4253; x_wconf 83' lang='lat' dir='ltr'>(de</span> <span class='ocrx_word' id='word_1_314' title='bbox 730 4206 809 4242; x_wconf 84' lang='lat' dir='ltr'>versu</span> <span class='ocrx_word' id='word_1_315' title='bbox 827 4190 859 4245; x_wconf 93' lang='lat' dir='ltr'>ll</span> <span class='ocrx_word' id='word_1_316' title='bbox 879 4191 909 4242; x_wconf 90' lang='grc' dir='ltr'><strong>Π</strong></span> <span class='ocrx_word' id='word_1_317' title='bbox 923 4193 984 4252; x_wconf 86' lang='grc'>407)</span> <span class='ocrx_word' id='word_1_318' title='bbox 1009 4187 1063 4242; x_wconf 78' lang='grc' dir='ltr'><strong><em>εἰσὶ</em></strong></span> <span class='ocrx_word' id='word_1_319' title='bbox 1087 4186 1120 4242; x_wconf 73' lang='grc' dir='ltr'>δὲ</span> <span class='ocrx_word' id='word_1_320' title='bbox 1143 4187 1171 4242; x_wconf 81' lang='grc' dir='ltr'>οἳ</span> <span class='ocrx_word' id='word_1_321' title='bbox 1194 4184 1292 4255; x_wconf 79' lang='grc' dir='ltr'><strong><em>διερὸν</em></strong></span> <span class='ocrx_word' id='word_1_322' title='bbox 1315 4185 1489 4254; x_wconf 82' lang='grc' dir='ltr'><strong><em>μεταμρά·</em></strong></span> 
     </span>
     <span class='ocr_line' id='line_1_36' title="bbox 348 4257 1487 4406; baseline 0 -32"><span class='ocrx_word' id='word_1_323' title='bbox 348 4257 1044 4406; x_wconf 49' lang='grc' dir='ltr'><strong><em>ἀλοέἀάλάοάἀίἀιωμἀάτῐάωξαάἓάνετεε4ἀοκξάειῐάτιἀλδξ</em></strong></span> <span class='ocrx_word' id='word_1_324' title='bbox 1047 4262 1115 4375; x_wconf 56' lang='lat' dir='ltr'>(iil.</span> <span class='ocrx_word' id='word_1_325' title='bbox 1121 4259 1166 4389; x_wconf 57' lang='lat' dir='ltr'>iii</span> <span class='ocrx_word' id='word_1_326' title='bbox 1167 4257 1378 4390; x_wconf 47' lang='grc' dir='ltr'>θὲθῗᾶλθρλχῖθὸἀς</span> <span class='ocrx_word' id='word_1_327' title='bbox 1395 4259 1487 4390; x_wconf 56' lang='lat' dir='ltr'>iaspis·</span> 
     </span>
     <span class='ocr_line' id='line_1_37' title="bbox 349 4385 1137 4464; baseline -0.005 -17.806"><span class='ocrx_word' id='word_1_328' title='bbox 349 4385 415 4448; x_wconf 79' lang='grc' dir='ltr'>ὀέν</span> <span class='ocrx_word' id='word_1_329' title='bbox 432 4391 471 4464; x_wconf 78' lang='grc' dir='ltr'>τῷ</span> <span class='ocrx_word' id='word_1_330' title='bbox 489 4409 565 4463; x_wconf 80' lang='grc' dir='ltr'><strong><em>νμρμ</em></strong></span> <span class='ocrx_word' id='word_1_331' title='bbox 583 4387 729 4460; x_wconf 82' lang='grc' dir='ltr'><strong><em>θυόμενος</em></strong></span> <span class='ocrx_word' id='word_1_332' title='bbox 746 4387 945 4459; x_wconf 76' lang='grc' dir='ltr'><strong><em>(φυόμενος</em></strong></span> <span class='ocrx_word' id='word_1_333' title='bbox 921 4409 954 4456; x_wconf 85' lang='lat' dir='ltr'>oJ.</span> <span class='ocrx_word' id='word_1_334' title='bbox 972 4390 1137 4457; x_wconf 83' lang='lat' dir='ltr'>Diltheyus).</span> 
     </span>
    </p>
   </div>
   <div class='ocr_carea' id='block_1_12' title="bbox 0 0 1682 5076">
    <p class='ocr_par' dir='ltr' id='par_1_14' title="bbox 0 0 1682 5076">
     <span class='ocr_line' id='line_1_38' title="bbox 0 0 1682 5076; baseline 0 1"><span class='ocrx_word' id='word_1_335' title='bbox 0 0 1682 5076; x_wconf 95' lang='lat' dir='ltr'> </span> 
     </span>
    </p>
   </div>
  </div>
 </body>
</html>
