3324 5074
505 379 684 432 nrrsrvul
701 380 750 430 an
768 379 1021 431 Pronumsvu
1275 376 1335 440 133

192 550 301 630 σχῆμα
324 548 468 627 κυβικοῦ
490 545 642 631 σοι’ματος
671 545 710 610 ἐκ
733 546 841 629 πάσης
864 543 985 628 ὁμοίως
1006 517 1238 627 αὐξανόμενον
1260 543 1334 606 δια-

193 655 354 730 στάσεως·
379 659 478 719 τοῦτο
500 654 563 737 μὲν
585 645 650 720 οὖν
673 650 826 732 Εὔδοξον
848 651 964 730 αὐτοῖς
985 654 1045 719 τὸν
1067 653 1211 718 Κνίδιον
1232 648 1253 736 ἢ
1274 653 1336 718 τὸν

192 756 562 850 ΚυζικηνὸνῘΕλιιιῶνα
590 764 817 829 συντελέσειν.
868 761 917 848 μὴ
948 767 1071 827 τοῦτο
1104 760 1136 826 δ’
1170 767 1335 827 οἴεσθαι
1450 835 1456 840 1

192 876 340 958 χρῆναι
359 880 509 939 ποθεῖν
528 873 599 938 τὸν
618 869 692 938 θεά
699 897 731 957 ν,
747 869 832 940 utto
847 871 1074 956 προστάσσειν
1086 870 1224 955 Ἕλλησι
1239 875 1334 954 τοῖσι,

192 984 339 1066 πολέμου
362 982 418 1048 καὶ
440 988 556 1049 κακῶν
577 985 785 1068 μεθεμένους
800 981 958 1058 Μούσαις
980 979 1110 1066 ὁμιλεῖν
1125 985 1195 1046 κτλ.
1233 979 1333 1045 Vide-

191 1115 263 1156 mus
285 1091 454 1158 Platonem
476 1093 628 1160 hocloco
656 1091 743 1157 idem
772 1090 1023 1180 respondentem
1047 1129 1087 1139 -
1110 1100 1209 1178 atque
1235 1092 1270 1155 in
1296 1112 1334 1156 eo

192 1223 317 1266 summa
348 1203 397 1266 rei
433 1204 573 1268 vertitur
600 1241 638 1250 -
668 1203 756 1290 quod
789 1202 825 1265 in
847 1202 975 1266 duobus
1008 1200 1082 1265 aliis
1116 1223 1199 1289 quae
1232 1201 1335 1266 citavi

111 1373 113 1378 ,
191 1311 337 1398 scriptis:
370 1334 436 1376 non
463 1334 554 1376 aram
587 1312 729 1399 duplicis
758 1310 991 1397 magnitudinis
1020 1333 1041 1374 a
1068 1307 1129 1384 deo
1156 1312 1334 1397 poscised

191 1420 357 1486 meliorem
378 1442 487 1487 rerum
508 1421 811 1486 mathematicorum
833 1422 1012 1486 seientiam.
1038 1457 1076 1466 —
1100 1421 1145 1484 At
1165 1418 1264 1505 longe
1285 1419 1333 1485 di·

191 1552 321 1596 versam
347 1532 583 1612 narrationem,
611 1530 647 1595 id
675 1530 763 1617 quod
791 1531 888 1595 etiam
916 1528 1149 1615 Bernhardyus
1179 1530 1353 1614 cognovit,

191 1639 237 1726 (p.
255 1641 342 1727 168),
366 1642 631 1728 epistulanostra
645 1640 791 1728 praebet.
828 1639 919 1704 Delii
941 1659 1007 1703 non
1022 1638 1192 1704 Platonem
1214 1639 1334 1704 adeunt
1369 1639 1371 1644 ’

190 1752 248 1814 sed
270 1749 515 1815 mathematicos
539 1751 594 1836 qui
615 1752 650 1816 in
672 1748 854 1816 Academia
875 1749 1000 1815 versari
1022 1749 1184 1831 dicuntur,
1206 1771 1333 1814 onmes-

190 1882 253 1946 que
279 1859 361 1925 nihil
389 1859 477 1924 aliud
506 1862 652 1946 cogitant
679 1869 737 1924 aut
760 1859 923 1941 sentiunt,
951 1857 1017 1922 nisi
1044 1879 1080 1922 re
1107 1879 1187 1923 vera
1213 1859 1254 1924 de
1275 1881 1334 1924 ara

167 1949 170 1956 ¹
190 1968 388 2057 duplicanda
408 1970 479 2054 agi3
501 1967 722 2035 mathematici
742 1970 845 2054 igitur
865 1989 947 2053 opus
968 1967 1215 2052 aggrediuntur,
1235 1979 1334 2055 atque

189 2080 236 2143 ita
264 2081 395 2145 oraculo
424 2100 502 2143 sane
529 2078 687 2161 efficitur,
720 2088 757 2143 ut
784 2076 997 2165 problematis
1024 2075 1200 2142 solutiones
1236 2063 1332 2143 docto

189 2186 298 2253 studio
321 2187 539 2254 inveniantur.
576 2185 691 2271 Vides,
714 2208 808 2252 omne
822 2208 960 2252 acumen
975 2208 1018 2250 ex
1032 2185 1145 2250 fabula
1159 2185 1220 2250 hoc
1236 2185 1332 2252 modo

190 2295 354 2363 sublatum
377 2319 459 2364 esse.
502 2296 616 2383 Neque
644 2295 710 2362 ullo
733 2295 797 2362 alio
820 2297 891 2363 loco
918 2297 965 2361 ita
987 2317 1058 2361 eam
1080 2294 1218 2397 relatam
1240 2297 1332 2362 inve·

93 2404 97 2412 '
189 2406 343 2491 nimus.¹)
380 2406 479 2494 Apud
504 2407 659 2472 loannem
683 2405 899 2494 Philoponum
921 2407 980 2490 (ad
1003 2405 1104 2472 Arist.
1127 2405 1223 2471 Anal.
1246 2416 1332 2493 post.

189 2516 265 2598 17)
298 2517 391 2581 Plato
418 2517 571 2604 proponit
604 2516 736 2602 quidem
763 2515 935 2602 discipulis
963 2513 1054 2580 illam
1089 2517 1331 2600 quaestionem:

189 2625 247 2690 sed
270 2624 377 2690 Deliis
406 2626 453 2691 ibi
481 2647 610 2712 quoque
638 2624 827 2712 respondet:
863 2627 974 2689 ἔοικεν
1002 2621 1084 2708 ὑμῖν
1113 2620 1287 2704 ὀνειδίζειν
1314 2623 1332 2689 ὁ

187 2732 268 2811 θεὸς
299 2731 344 2810 aig
376 2731 537 2818 ἀμελοῦσι
569 2737 781 2818 γεωμετρίας.
836 2734 1028 2818 Eademque
1059 2732 1196 2817 legimus
1225 2735 1259 2797 in
1291 2735 1332 2800 iis

189 2867 271 2931 quae
293 2845 467 2909 traduntur
488 2845 523 2908 in
544 2843 782 2930 prolegomenis
804 2842 1027 2930 philosophiae
1049 2840 1195 2907 Platonis
1220 2845 1260 2925 (e.
1283 2846 1331 2927 5),

188 2963 384 3040 quamquam
416 2955 464 3018 ibi
495 2952 569 3018 finis
603 2952 809 3040 pestilentiae
841 2952 1002 3018 solutione
1027 2951 1246 3040 problematis
1274 2954 1331 3018 ad·

189 3063 303 3128 ductus
326 3084 397 3127 esse
419 3062 620 3149 perhibetur.
642 3100 683 3110 -—
711 3061 804 3142 Quae
832 3083 905 3126 eum
932 3062 981 3126 ita
1010 3063 1093 3142 sint,
1124 3064 1332 3128 statuendum

187 3173 281 3237 nobis
298 3183 349 3238 est
370 3173 412 3254 (si
427 3172 600 3259 epistulam
614 3173 794 3257 genuinam*
804 3171 1044 3258 existimamus)
1067 3173 1330 3256 Eratosthenem,

188 3304 260 3345 cum
283 3281 419 3346 eandem
434 3281 591 3348 fabellam
608 3283 656 3346 bis
672 3292 829 3363 narraret,
852 3303 916 3346 non
934 3280 1040 3348 solum
1054 3280 1199 3366 singulas
1212 3304 1266 3347 res
1283 3283 1330 3346 di-

136 3447 138 3452 .
187 3391 291 3456 versis
314 3391 419 3455 modis
443 3389 627 3478 protulisse,
651 3413 765 3457 verum
779 3392 878 3456 etiam
892 3390 1112 3475 significatum
1131 3393 1330 3457 narrationis

61 3529 67 3538 ¹
187 3523 320 3588 prorsus
342 3510 503 3566 mutasse:
534 3499 602 3565 illic
624 3500 792 3567 oraculum
819 3500 1102 3588 reprehensionem
1124 3502 1331 3586 ignorantiae

188 3621 220 3676 et
242 3613 462 3677 incitationem
472 3697 475 3702 Ι
487 3611 530 3675 ad
546 3611 716 3676 scientiam
732 3608 901 3675 colendam
924 3610 1077 3692 continet,
1101 3613 1153 3676 his
1168 3613 1211 3676 ad
1226 3612 1331 3698 ipsam

188 3743 284 3807 quam
306 3720 409 3787 verba
436 3722 505 3786 eius
533 3721 681 3786 indicant
708 3720 931 3807 quaestionem
959 3730 1086 3807 spectat
1114 3742 1331 3809 magnumque

188 3840 385 3895 momentum
408 3831 508 3896 habet
530 3831 572 3895 ad
595 3853 666 3896 eam
689 3829 891 3896 solvendam.

270 3939 301 4003 4.
338 3939 388 4004 uf.
412 3939 528 4004 Wurm
550 3961 582 4025 p.
607 3939 730 4024 lsrsq.
767 3955 827 4013 „at
872 3943 966 4006 ἐν,
1000 3949 1004 3963 ’
1045 3941 1115 3992 ψ’ἰ·Ι

271 4049 302 4114 5.
338 4048 448 4123 Laert.
471 4047 728 4134 Diog.V11190
750 4044 768 4112 ὁ
791 4046 823 4111 δ’
846 4046 947 4122 αάτός
970 4046 1218 4135 (Apollodorus)
1247 4066 1332 4132 φησι
1397 4055 1400 4063 “

187 4159 246 4223 τὸν
269 4158 411 4222 Κνίδιον
433 4155 586 4234 Εὔδοξον
614 4155 760 4240 ἀκμάσαι
789 4154 873 4221 κατά
901 4155 963 4240 τήν
990 4158 1108 4241 τρίτην
1135 4159 1192 4221 καί
1214 4156 1330 4223 ἑκάτο-

189 4281 390 4291 —..-.——--

256 4331 280 4394 l)
299 4329 424 4382 Valerius
441 4329 574 4381 Maximus
593 4329 661 4382 Vlll
681 4331 712 4380 ta
729 4331 810 4380 extl
830 4333 887 4379 tam
904 4327 1001 4394 inepta
1021 4329 1113 4392 tradit,
1132 4334 1162 4378 ut
1179 4331 1238 4381 eius
1257 4333 1330 4384 ratio

187 4413 243 4450 non
260 4398 383 4449 habenda
402 4398 447 4450 sit.
