3354 5076
336 365 374 428 18
799 363 1011 418 Maucvruvs

334 535 455 598 conieci
478 554 608 598 versum
632 555 651 594 a
673 530 805 594 Polluce
827 542 990 597 servatum
1019 543 1166 619 spectare
1196 534 1238 597 ad
1266 533 1401 597 infantis
1425 533 1477 596 dei

334 644 454 725 dolum,
478 644 569 707 cuius
592 643 748 706 memoria
771 650 879 706 exstat
902 643 935 706 in
958 643 990 706 h.
1014 643 1111 708 Hom.
1136 666 1185 708 vs.
1210 646 1250 708 75
1266 645 1370 730 sqq.¹)

419 779 572 843 σάνδαλα
595 775 630 840 δ’
654 768 724 839 εὖτ’
749 779 887 861 ἔρριψεν
911 779 965 842 έπί
989 778 1160 860 ψαμάθοις
1182 777 1335 861 ἁλίῃσιν,

419 887 565 973 ἄφραστ’
587 885 642 968 η’δ’
668 885 794 994 ἀνόητα
818 887 972 952 διέπλεκε
993 889 1152 970 θαυματὰ
1176 891 1257 991 ἔργα
1264 938 1273 968 ,

419 1001 616 1080 συμμίσγων
638 1001 785 1082 μυρίκας
808 995 862 1060 καὶ
884 999 1140 1080 μυρσινοειδέας
1162 991 1266 1077 ὄζους.

406 1089 489 1172 θτῶν
512 1107 585 1172 τότε
609 1100 787 1190 συνδήσας
803 1107 984 1190 νεοθηλέος
1006 1105 1155 1190 ἄγκαλον
1177 1105 1259 1189 ὕλης

420 1215 600 1300 α’βλαύτοις
623 1216 689 1281 ὑπὸ
713 1217 835 1281 ποσσίν
860 1215 1002 1299 ἐδήσατο
1026 1216 1177 1281 σάνδαλα
1200 1219 1312 1299 κοῦφα

421 1325 574 1391 αὐτοῖσιν
597 1327 788 1408 πετάλοισι,
812 1327 851 1391 τὰ
875 1327 1014 1410 κύδιμος
1034 1326 1270 1410 Ἀργειφόντης

422 1441 544 1528 ἔσπασε
568 1439 771 1519 Πιερίηθεν,
796 1434 994 1520 ὁδοιπορίην
1017 1435 1178 1502 ἀλεείνων
1186 1489 1195 1518 ,

421 1541 474 1610 οἶοί
498 1545 527 1610 τ’
553 1548 768 1629 ἐπειγόμενος
791 1545 928 1629 δολιχήν
952 1545 1050 1628 ὁδόν,
1075 1545 1286 1629 αὐτοπρεπης
1309 1545 1362 1622 ὥς.
1402 1543 1406 1550 ’

337 1692 429 1756 Haec
450 1693 551 1774 igitur
574 1690 807 1754 Eratosthenes
814 1741 823 1772 ,
847 1691 874 1752 si
897 1711 976 1752 vera
999 1699 1047 1754 est
1071 1691 1179 1775 opinio
1202 1713 1291 1771 mea,
1315 1712 1406 1756 more
1428 1713 1476 1754 re-

336 1803 516 1866 centiorum
532 1809 701 1885 poetarum
719 1800 870 1880 variavit,
886 1802 1096 1885 narravitque
1111 1800 1311 1864 Mercurium
1327 1801 1476 1887 crepidas

335 1933 400 1976 non
427 1911 603 1990 abiecisse,
632 1909 690 1974 sed
719 1911 885 1974 detractas
914 1909 968 1974 alii
997 1909 1127 1974 cuidam
1155 1912 1202 1973 rei
1230 1932 1313 1996 quae
1335 1911 1478 1993 vestigia

335 2045 412 2088 mox
434 2023 558 2086 incerta
579 2020 730 2084 redderet
745 2020 913 2096 adfixisse
950 2021 1163 2084 Accuratiora
1179 2022 1344 2102 sciremus,
1362 2022 1390 2084 si
1405 2021 1477 2084 Pol-

338 2132 396 2194 lux
419 2131 526 2215 plures
550 2153 665 2196 versus
681 2129 854 2194 attulisset.
890 2129 1045 2194 Ueterum
1067 2129 1197 2195 fabulae
1219 2131 1253 2194 in
1269 2131 1389 2216 hymno
1404 2151 1477 2214 pro-

336 2243 423 2305 ditae
447 2239 565 2304 similia
587 2242 726 2304 fortasse
748 2241 845 2303 etiam
868 2241 910 2304 ab
933 2241 1006 2306 aliis
1021 2249 1153 2307 narrata
1168 2249 1270 2307 erant.
1308 2240 1360 2304 cl.
1377 2238 1477 2325 Apol-

336 2350 402 2416 lod.
426 2350 480 2414 III
505 2350 592 2429 10‚2
615 2349 749 2414 κλέπτει
771 2351 853 2430 βόας
875 2345 914 2424 δίς
937 2353 1054 2433 ἔνεμεν
1074 2348 1256 2414 Ἀπόλλων.
1301 2350 1357 2412 ἵνα
1381 2349 1418 2414 δέ
1433 2341 1477 2432 μὴ

337 2463 514 2543 φωραθείη
537 2455 604 2521 ὑπὸ
627 2462 695 2522 των
724 2459 843 2540 ι’χνων,
869 2457 1066 2542 ὑποδήματα
1095 2470 1163 2535 τοῖς
1190 2459 1270 2523 ποσί
1295 2458 1476 2542 Ιπεριέθηκε

338 2573 392 2633 καί
421 2569 560 2650 κομίσας
590 2567 636 2641 είς
663 2566 783 2630 Πύλον
811 2566 869 2642 τὰς
896 2569 958 2651 μὲν
988 2568 1105 2643 λοιπὰς
1133 2570 1179 2644 είς
1207 2569 1373 2651 σπήλαιον
1401 2564 1477 2631 ἀπέ-

339 2691 447 2762 κρυψε
476 2681 546 2741 κτλ.
599 2679 677 2743 Ant.
707 2676 780 2740 Lib.
805 2678 845 2741 23
880 2677 997 2759 ἐξῆπτε
1028 2679 1064 2740 δὲ
1100 2678 1138 2742 ἐκ
1172 2682 1230 2761 τῆς
1263 2675 1365 2759 ου’ρᾶς
1396 2671 1478 2759 πρὸς

337 2791 477 2853 ἕκαστον
502 2767 599 2869 δ’λην,
623 2784 668 2860 ὠς
690 2786 732 2850 ἄν
755 2787 794 2849 τὰ
820 2791 894 2870 ίχνη
917 2791 985 2851 τῶν
1008 2789 1100 2870 βοῶν
1122 2786 1281 2872 α’φανίση.

421 2899 461 2962 Ιο
483 2899 578 2981 longe
601 2897 765 2960 diversam
793 2897 1009 2981 suspicionem
1032 2897 1264 2984 Bernhardyus
1288 2899 1405 2963 incidit
1431 2898 1477 2984 (p.

339 3010 424 3090 160).
469 3007 614 3070 Revocat
636 3010 720 3070 enim
743 3007 967 3072 hexametrum
991 3009 1031 3071 ad
1055 3012 1274 3074 narrationem
1290 3007 1417 3095 Hygini
1438 3009 1479 3070 de

336 3128 412 3185 astr.
444 3116 543 3179 1116
576 3117 721 3180 νιουννίίί
750 3117 843 3180 etium
871 3118 1019 3180 ιλίαανννιί
1042 3117 1259 3196 Mercurium,
1289 3121 1348 3183 ulii
1376 3124 1479 3182 οαίονι

338 3228 554 3310 Anapladem,
569 3226 814 3306 ’γνλιλνίίιιιίίνιε
833 3225 971 3290 ‘Verteris
993 3227 1155 3291 ιἰιιίνοαινι
1182 3229 1217 3291 ia
1240 3248 1378 3291 ονιονονι
1401 3229 1478 3290 ίνισί-

338 3342 433 3402 disse:
466 3342 493 3400 ct
519 3357 589 3400 ωινι
611 3338 639 3399 εί
666 3337 756 3416 copia
778 3357 842 3400 νον
862 3341 962 3418 ficret,
991 3339 1135 3402 ονίκαννι
1163 3344 1199 3402 at
1220 3337 1404 3402 σονίννιείίυ
1428 3357 1478 3400 ue-

223 3529 234 3544 ἱ
337 3452 424 3536 τιμία
451 3447 607 3525 defecisse:
641 3445 748 3510 Ιουενι
777 3451 881 3510 autem
911 3449 1071 3512 νιίετνίανι
1100 3452 1180 3526 clus,
1209 3469 1279 3512 οννι
1314 3446 1417 3511 Venus
1443 3449 1478 3510 ιἰι

326 3557 472 3620 ,Αολολοο
493 3556 624 3636 tlalamo
647 3575 758 3636 corpas
780 3557 924 3635 ablueret,
948 3559 1067 3622 νιίείωε
1082 3559 1233 3638 aquilum,
1258 3578 1338 3638 ανον
1359 3576 1478 3619 soccum

338 3669 404 3730 elas
427 3667 462 3728 ia
483 3665 730 3747 Ανιγίλοονίοιυ
752 3665 977 3746 Ααμγγίίονννι
999 3667 1134 3731 delatura
1150 3667 1309 3730 Mercurio
1328 3667 1477 3730 traderet:

339 3798 429 3858 ηνινν
447 3795 634 3857 persequens
664 3773 768 3838 Venas
795 3776 838 3838 οιί
865 3778 1036 3858 eapientem
1063 3779 1112 3841 sui
1128 3779 1285 3859 γονυευιλ,
1313 3778 1368 3858 qai
1389 3778 1479 3858 copia

337 3889 424 3966 locta
455 3905 516 3966 pro
549 3885 692 3966 beneficio
729 3885 870 3964 οηαιλανι
906 3887 942 3949 irc
977 3888 1093 3950 νιννίο
1127 3887 1294 3952 collocavit.
1353 3886 1478 3967 Lectio,

338 4015 436 4080 quam
463 3991 697 4078 Bernhardyus
726 4003 761 4056 ut
790 4016 905 4058 versus
934 3996 1079 4080 opinioni
1108 4018 1185 4060 suae
1211 3996 1408 4084 respondeat
1429 4017 1478 4058 re-

339 4103 473 4166 stituere
510 4091 596 4183 vult,
637 4102 744 4186 πέλμα
778 4107 857 4167 ποτί
893 4103 934 4186 ῥα
973 4106 1122 4168 πταίσκευ
1162 4106 1315 4190 ἐλαφροῦ
1353 4126 1479 4186 φαικα-

409 4326 435 4386 l)
454 4325 651 4375 Callimachum
677 4342 782 4392 quoquc
807 4341 885 4379 usum
908 4345 965 4382 esse
994 4327 1093 4397 hymno
1114 4326 1258 4381 Homerico
1281 4327 1415 4379 sententia
1438 4332 1480 4380 est

339 4393 468 4457 Melflel‘ii
486 4394 520 4443 ad
540 4393 608 4444 Call.
628 4395 653 4442 h.
673 4397 701 4443 in
720 4397 834 4446 Dianam
852 4401 893 4452 25.
1428 4407 1430 4414 ι
