<?xml version="1.0" encoding="UTF-8"?>
<!DOCTYPE html PUBLIC "-//W3C//DTD XHTML 1.0 Transitional//EN"
    "http://www.w3.org/TR/xhtml1/DTD/xhtml1-transitional.dtd">
<html xmlns="http://www.w3.org/1999/xhtml" xml:lang="en" lang="en">
 <head>
  <title>
</title>
<meta http-equiv="Content-Type" content="text/html;charset=utf-8" />
  <meta name='ocr-system' content='tesseract 3.04.00' />
  <meta name='ocr-capabilities' content='ocr_page ocr_carea ocr_par ocr_line ocrx_word'/>
</head>
<body>
  <div class='ocr_page' id='page_1' title='image "./eratostheniscar00hillgoog/eratostheniscar00hillgoog_0054.png"; bbox 0 0 3354 5076; ppageno 0'>
   <div class='ocr_carea' id='block_1_1' title="bbox 642 277 1335 369">
    <p class='ocr_par' dir='ltr' id='par_1_1' title="bbox 642 277 1335 369">
     <span class='ocr_line' id='line_1_1' title="bbox 642 277 1335 369; baseline 0.003 -17"><span class='ocrx_word' id='word_1_1' title='bbox 642 301 870 369; x_wconf 48' lang='lat' dir='ltr'><strong>,usne-murs</strong></span> <span class='ocrx_word' id='word_1_2' title='bbox 943 317 945 321; x_wconf 32' lang='lat' dir='ltr'>v</span> <span class='ocrx_word' id='word_1_3' title='bbox 993 277 997 284; x_wconf 82' lang='grc'><strong>’</strong></span> <span class='ocrx_word' id='word_1_4' title='bbox 1294 303 1335 366; x_wconf 87' lang='lat'><strong>41</strong></span> 
     </span>
    </p>
   </div>
   <div class='ocr_carea' id='block_1_2' title="bbox 172 447 1341 3632">
    <p class='ocr_par' dir='ltr' id='par_1_2' title="bbox 172 447 1341 3632">
     <span class='ocr_line' id='line_1_2' title="bbox 195 447 1339 556; baseline 0.002 -22"><span class='ocrx_word' id='word_1_5' title='bbox 195 470 361 554; x_wconf 82' lang='lat' dir='ltr'><strong>habent.¹)</strong></span> <span class='ocrx_word' id='word_1_6' title='bbox 404 470 518 556; x_wconf 90' lang='lat' dir='ltr'><strong>Itaque</strong></span> <span class='ocrx_word' id='word_1_7' title='bbox 545 459 729 534; x_wconf 88' lang='lat' dir='ltr'><strong>necessario</strong></span> <span class='ocrx_word' id='word_1_8' title='bbox 751 447 892 554; x_wconf 78' lang='lat' dir='ltr'><strong>suspieib</strong></span> <span class='ocrx_word' id='word_1_9' title='bbox 919 470 1033 551; x_wconf 88' lang='lat' dir='ltr'><strong>oritur,</strong></span> <span class='ocrx_word' id='word_1_10' title='bbox 1063 468 1120 534; x_wconf 90' lang='lat' dir='ltr'><strong>illa</strong></span> <span class='ocrx_word' id='word_1_11' title='bbox 1149 471 1187 536; x_wconf 86' lang='grc' dir='ltr'><strong>ἐν</strong></span> <span class='ocrx_word' id='word_1_12' title='bbox 1210 470 1246 535; x_wconf 78' lang='grc' dir='ltr'><strong>δὲ</strong></span> <span class='ocrx_word' id='word_1_13' title='bbox 1269 481 1339 548; x_wconf 79' lang='grc' dir='ltr'><em>τοῖς</em></span> 
     </span>
     <span class='ocr_line' id='line_1_3' title="bbox 195 576 1337 653; baseline 0.004 -10"><span class='ocrx_word' id='word_1_14' title='bbox 195 580 292 643; x_wconf 83' lang='grc' dir='ltr'><strong><em>ἔπεσι</em></strong></span> <span class='ocrx_word' id='word_1_15' title='bbox 318 582 388 653; x_wconf 65' lang='grc' dir='ltr'><strong><em>καλ.</em></strong></span> <span class='ocrx_word' id='word_1_16' title='bbox 412 601 431 642; x_wconf 90' lang='lat' dir='ltr'><strong>a</strong></span> <span class='ocrx_word' id='word_1_17' title='bbox 453 579 611 644; x_wconf 85' lang='lat' dir='ltr'><strong>Theone</strong></span> <span class='ocrx_word' id='word_1_18' title='bbox 634 578 770 644; x_wconf 90' lang='lat' dir='ltr'><strong>verbis</strong></span> <span class='ocrx_word' id='word_1_19' title='bbox 793 576 961 644; x_wconf 79' lang='lat' dir='ltr'><strong>Adrasti</strong></span> <span class='ocrx_word' id='word_1_20' title='bbox 982 579 1123 644; x_wconf 89' lang='lat' dir='ltr'><strong>addita</strong></span> <span class='ocrx_word' id='word_1_21' title='bbox 1145 603 1242 645; x_wconf 91' lang='lat' dir='ltr'><strong>esse.</strong></span> <span class='ocrx_word' id='word_1_22' title='bbox 1286 583 1337 648; x_wconf 89' lang='lat' dir='ltr'><strong>Ac</strong></span> 
     </span>
     <span class='ocr_line' id='line_1_4' title="bbox 194 671 1338 777; baseline 0.006 -26"><span class='ocrx_word' id='word_1_23' title='bbox 194 689 222 751; x_wconf 89' lang='lat' dir='ltr'><strong>si</strong></span> <span class='ocrx_word' id='word_1_24' title='bbox 244 689 306 754; x_wconf 96' lang='lat' dir='ltr'><strong>hoc</strong></span> <span class='ocrx_word' id='word_1_25' title='bbox 328 691 511 768; x_wconf 79' lang='lat' dir='ltr'><strong>statuimus,</strong></span> <span class='ocrx_word' id='word_1_26' title='bbox 534 690 641 753; x_wconf 89' lang='lat' dir='ltr'><strong>omnia</strong></span> <span class='ocrx_word' id='word_1_27' title='bbox 662 687 762 776; x_wconf 88' lang='lat' dir='ltr'><strong>plana</strong></span> <span class='ocrx_word' id='word_1_28' title='bbox 783 689 876 754; x_wconf 88' lang='lat' dir='ltr'><strong>fiunt.</strong></span> <span class='ocrx_word' id='word_1_29' title='bbox 914 689 1046 755; x_wconf 84' lang='lat' dir='ltr'><strong>Etenim</strong></span> <span class='ocrx_word' id='word_1_30' title='bbox 1068 671 1170 774; x_wconf 80' lang='lat' dir='ltr'><strong>Theo,</strong></span> <span class='ocrx_word' id='word_1_31' title='bbox 1197 693 1338 777; x_wconf 82' lang='lat' dir='ltr'><strong>exiguae</strong></span> 
     </span>
     <span class='ocr_line' id='line_1_5' title="bbox 193 795 1338 887; baseline 0.006 -26"><span class='ocrx_word' id='word_1_32' title='bbox 193 797 389 864; x_wconf 87' lang='lat' dir='ltr'><strong>eruditionis</strong></span> <span class='ocrx_word' id='word_1_33' title='bbox 412 797 522 881; x_wconf 91' lang='lat' dir='ltr'><strong>homo,</strong></span> <span class='ocrx_word' id='word_1_34' title='bbox 540 805 624 863; x_wconf 76' lang='lat' dir='ltr'><strong>&#39;cum</strong></span> <span class='ocrx_word' id='word_1_35' title='bbox 651 797 708 862; x_wconf 90' lang='lat' dir='ltr'><strong>illa</strong></span> <span class='ocrx_word' id='word_1_36' title='bbox 735 797 778 862; x_wconf 91' lang='lat' dir='ltr'><strong>ad</strong></span> <span class='ocrx_word' id='word_1_37' title='bbox 801 799 1051 863; x_wconf 73' lang='lat' dir='ltr'><strong>Eratosthenem</strong></span> <span class='ocrx_word' id='word_1_38' title='bbox 1079 795 1274 887; x_wconf 70' lang='lat' dir='ltr'><strong>pertinentia</strong></span> <span class='ocrx_word' id='word_1_39' title='bbox 1296 825 1338 867; x_wconf 83' lang='lat' dir='ltr'><strong>ex</strong></span> 
     </span>
     <span class='ocr_line' id='line_1_6' title="bbox 193 907 1337 995; baseline 0.004 -23"><span class='ocrx_word' id='word_1_40' title='bbox 193 907 340 974; x_wconf 89' lang='lat' dir='ltr'><strong>Adrasto</strong></span> <span class='ocrx_word' id='word_1_41' title='bbox 358 907 568 993; x_wconf 80' lang='lat' dir='ltr'><strong>describeret,</strong></span> <span class='ocrx_word' id='word_1_42' title='bbox 589 909 632 972; x_wconf 90' lang='lat' dir='ltr'><strong>ad</strong></span> <span class='ocrx_word' id='word_1_43' title='bbox 654 931 812 973; x_wconf 90' lang='lat' dir='ltr'><strong>carmen</strong></span> <span class='ocrx_word' id='word_1_44' title='bbox 832 908 997 995; x_wconf 84' lang='lat' dir='ltr'><strong>quoddam</strong></span> <span class='ocrx_word' id='word_1_45' title='bbox 1020 930 1058 974; x_wconf 92' lang='lat' dir='ltr'><strong>ea</strong></span> <span class='ocrx_word' id='word_1_46' title='bbox 1078 908 1250 976; x_wconf 85' lang='lat' dir='ltr'><strong>referenda</strong></span> <span class='ocrx_word' id='word_1_47' title='bbox 1266 933 1337 977; x_wconf 91' lang='lat' dir='ltr'><strong>esse</strong></span> 
     </span>
     <span class='ocr_line' id='line_1_7' title="bbox 172 1017 1336 1108; baseline 0.003 -27"><span class='ocrx_word' id='word_1_48' title='bbox 172 1017 371 1086; x_wconf 81' lang='lat' dir='ltr'><strong>nesciebat.</strong></span> <span class='ocrx_word' id='word_1_49' title='bbox 405 1019 444 1082; x_wconf 93' lang='lat' dir='ltr'><strong>In</strong></span> <span class='ocrx_word' id='word_1_50' title='bbox 466 1018 607 1104; x_wconf 86' lang='lat' dir='ltr'><strong>priorem</strong></span> <span class='ocrx_word' id='word_1_51' title='bbox 631 1029 740 1083; x_wconf 91' lang='lat' dir='ltr'><strong>autem</strong></span> <span class='ocrx_word' id='word_1_52' title='bbox 756 1020 863 1106; x_wconf 90' lang='lat' dir='ltr'><strong>operis</strong></span> <span class='ocrx_word' id='word_1_53' title='bbox 881 1019 933 1083; x_wconf 92' lang='lat' dir='ltr'><strong>sui</strong></span> <span class='ocrx_word' id='word_1_54' title='bbox 947 1029 1074 1106; x_wconf 90' lang='lat' dir='ltr'><strong>partem</strong></span> <span class='ocrx_word' id='word_1_55' title='bbox 1098 1020 1143 1106; x_wconf 90' lang='lat' dir='ltr'><strong>(.p.</strong></span> <span class='ocrx_word' id='word_1_56' title='bbox 1161 1021 1222 1086; x_wconf 83' lang='lat'><strong>165</strong></span> <span class='ocrx_word' id='word_1_57' title='bbox 1236 1021 1336 1108; x_wconf 87' lang='lat' dir='ltr'><strong>Bull.)</strong></span> 
     </span>
     <span class='ocr_line' id='line_1_8' title="bbox 193 1128 1336 1215; baseline 0.003 -23"><span class='ocrx_word' id='word_1_58' title='bbox 193 1150 236 1193; x_wconf 86' lang='lat' dir='ltr'><strong>ex</strong></span> <span class='ocrx_word' id='word_1_59' title='bbox 258 1128 324 1192; x_wconf 88' lang='lat' dir='ltr'><strong>alio</strong></span> <span class='ocrx_word' id='word_1_60' title='bbox 347 1129 515 1215; x_wconf 84' lang='lat' dir='ltr'><strong>scriptore,</strong></span> <span class='ocrx_word' id='word_1_61' title='bbox 537 1129 677 1192; x_wconf 86' lang='lat' dir='ltr'><strong>fortasse</strong></span> <span class='ocrx_word' id='word_1_62' title='bbox 692 1128 873 1212; x_wconf 89' lang='lat' dir='ltr'><strong>Moderato,</strong></span> <span class='ocrx_word' id='word_1_63' title='bbox 897 1128 977 1194; x_wconf 90' lang='lat' dir='ltr'><strong>duos</strong></span> <span class='ocrx_word' id='word_1_64' title='bbox 998 1131 1204 1196; x_wconf 85' lang='lat' dir='ltr'><strong>hexametros</strong></span> <span class='ocrx_word' id='word_1_65' title='bbox 1220 1130 1336 1196; x_wconf 89' lang='lat' dir='ltr'><strong>Erato-</strong></span> 
     </span>
     <span class='ocr_line' id='line_1_9' title="bbox 192 1236 1335 1325; baseline 0.005 -25"><span class='ocrx_word' id='word_1_66' title='bbox 192 1237 357 1302; x_wconf 89' lang='lat' dir='ltr'><strong>sthenicos</strong></span> <span class='ocrx_word' id='word_1_67' title='bbox 387 1236 428 1301; x_wconf 89' lang='lat' dir='ltr'><strong>de</strong></span> <span class='ocrx_word' id='word_1_68' title='bbox 456 1237 666 1324; x_wconf 86' lang='lat' dir='ltr'><strong>sphaerarum</strong></span> <span class='ocrx_word' id='word_1_69' title='bbox 680 1247 852 1308; x_wconf 85' lang='lat' dir='ltr'><strong>concentu</strong></span> <span class='ocrx_word' id='word_1_70' title='bbox 880 1239 1091 1305; x_wconf 82' lang='lat' dir='ltr'><strong>transtulerat</strong></span> <span class='ocrx_word' id='word_1_71' title='bbox 1123 1241 1177 1324; x_wconf 86' lang='lat' dir='ltr'><strong>(fr.</strong></span> <span class='ocrx_word' id='word_1_72' title='bbox 1207 1239 1335 1325; x_wconf 82' lang='lat' dir='ltr'><strong>XVII).</strong></span> 
     </span>
     <span class='ocr_line' id='line_1_10' title="bbox 192 1346 1337 1438; baseline 0.003 -28"><span class='ocrx_word' id='word_1_73' title='bbox 192 1347 311 1434; x_wconf 90' lang='lat' dir='ltr'><strong>Itaque</strong></span> <span class='ocrx_word' id='word_1_74' title='bbox 331 1346 558 1412; x_wconf 85' lang='lat' dir='ltr'><strong>Eratosthenis</strong></span> <span class='ocrx_word' id='word_1_75' title='bbox 580 1348 774 1412; x_wconf 90' lang='lat' dir='ltr'><strong>sententiam</strong></span> <span class='ocrx_word' id='word_1_76' title='bbox 797 1368 839 1410; x_wconf 85' lang='lat' dir='ltr'><strong>ex</strong></span> <span class='ocrx_word' id='word_1_77' title='bbox 853 1348 995 1434; x_wconf 88' lang='lat' dir='ltr'><strong>Adrasto</strong></span> <span class='ocrx_word' id='word_1_78' title='bbox 1017 1347 1152 1438; x_wconf 82' lang='lat' dir='ltr'><strong>relatam</strong></span> <span class='ocrx_word' id='word_1_79' title='bbox 1175 1348 1337 1435; x_wconf 89' lang='lat' dir='ltr'><strong>complere</strong></span> 
     </span>
     <span class='ocr_line' id='line_1_11' title="bbox 192 1455 1335 1544; baseline 0.003 -24"><span class='ocrx_word' id='word_1_80' title='bbox 192 1457 258 1522; x_wconf 88' lang='lat' dir='ltr'><strong>sibi</strong></span> <span class='ocrx_word' id='word_1_81' title='bbox 281 1458 370 1522; x_wconf 87' lang='lat' dir='ltr'><strong>visus</strong></span> <span class='ocrx_word' id='word_1_82' title='bbox 394 1468 443 1523; x_wconf 91' lang='lat' dir='ltr'><strong>est</strong></span> <span class='ocrx_word' id='word_1_83' title='bbox 458 1456 579 1522; x_wconf 87' lang='lat' dir='ltr'><strong>additis</strong></span> <span class='ocrx_word' id='word_1_84' title='bbox 604 1458 713 1544; x_wconf 89' lang='lat' dir='ltr'><strong>(quasi</strong></span> <span class='ocrx_word' id='word_1_85' title='bbox 729 1457 794 1522; x_wconf 92' lang='lat' dir='ltr'><strong>duo</strong></span> <span class='ocrx_word' id='word_1_86' title='bbox 811 1457 997 1521; x_wconf 89' lang='lat' dir='ltr'><strong>testimonia</strong></span> <span class='ocrx_word' id='word_1_87' title='bbox 1011 1455 1054 1520; x_wconf 87' lang='lat' dir='ltr'><strong>ad</strong></span> <span class='ocrx_word' id='word_1_88' title='bbox 1070 1457 1221 1523; x_wconf 90' lang='lat' dir='ltr'><strong>diversos</strong></span> <span class='ocrx_word' id='word_1_89' title='bbox 1236 1457 1335 1524; x_wconf 85' lang='lat' dir='ltr'><strong>libros</strong></span> 
     </span>
     <span class='ocr_line' id='line_1_12' title="bbox 192 1552 1337 1652; baseline 0.001 -21"><span class='ocrx_word' id='word_1_90' title='bbox 192 1567 405 1652; x_wconf 88' lang='lat' dir='ltr'><strong>pertinerent)</strong></span> <span class='ocrx_word' id='word_1_91' title='bbox 429 1565 540 1632; x_wconf 85' lang='lat' dir='ltr'><strong>verbis</strong></span> <span class='ocrx_word' id='word_1_92' title='bbox 564 1567 603 1631; x_wconf 80' lang='grc' dir='ltr'><strong>ἐν</strong></span> <span class='ocrx_word' id='word_1_93' title='bbox 625 1566 662 1631; x_wconf 79' lang='grc' dir='ltr'><strong>δὲ</strong></span> <span class='ocrx_word' id='word_1_94' title='bbox 683 1576 753 1642; x_wconf 72' lang='grc' dir='ltr'><strong>τοῖς</strong></span> <span class='ocrx_word' id='word_1_95' title='bbox 775 1567 873 1631; x_wconf 79' lang='grc' dir='ltr'><strong><em>ἔπεσε</em></strong></span> <span class='ocrx_word' id='word_1_96' title='bbox 889 1568 958 1630; x_wconf 78' lang='grc' dir='ltr'><strong><em>κτλ.</em></strong></span> <span class='ocrx_word' id='word_1_97' title='bbox 995 1567 1119 1631; x_wconf 89' lang='lat' dir='ltr'><strong>Nititur</strong></span> <span class='ocrx_word' id='word_1_98' title='bbox 1136 1567 1198 1633; x_wconf 91' lang='lat' dir='ltr'><strong>hoc</strong></span> <span class='ocrx_word' id='word_1_99' title='bbox 1211 1552 1337 1632; x_wconf 79' lang='lat' dir='ltr'><strong>addita-</strong></span> 
     </span>
     <span class='ocr_line' id='line_1_13' title="bbox 185 1675 1335 1758; baseline 0.005 -20"><span class='ocrx_word' id='word_1_100' title='bbox 185 1686 339 1741; x_wconf 90' lang='lat' dir='ltr'><strong>mentum</strong></span> <span class='ocrx_word' id='word_1_101' title='bbox 361 1675 438 1740; x_wconf 90' lang='lat' dir='ltr'><strong>solis</strong></span> <span class='ocrx_word' id='word_1_102' title='bbox 466 1676 532 1742; x_wconf 90' lang='lat' dir='ltr'><strong>illis</strong></span> <span class='ocrx_word' id='word_1_103' title='bbox 562 1675 723 1740; x_wconf 85' lang='lat' dir='ltr'><strong>versibus.</strong></span> <span class='ocrx_word' id='word_1_104' title='bbox 768 1675 865 1758; x_wconf 72' lang='lat' dir='ltr'><strong>Quod</strong></span> <span class='ocrx_word' id='word_1_105' title='bbox 894 1677 979 1741; x_wconf 87' lang='lat' dir='ltr'><strong>enim</strong></span> <span class='ocrx_word' id='word_1_106' title='bbox 1006 1677 1096 1743; x_wconf 85' lang='lat' dir='ltr'><strong>Theo</strong></span> <span class='ocrx_word' id='word_1_107' title='bbox 1123 1677 1237 1746; x_wconf 90' lang='lat' dir='ltr'><strong>ultimo</strong></span> <span class='ocrx_word' id='word_1_108' title='bbox 1264 1678 1335 1744; x_wconf 85' lang='lat' dir='ltr'><strong>loeo</strong></span> 
     </span>
     <span class='ocr_line' id='line_1_14' title="bbox 192 1780 1336 1873; baseline 0.003 -23"><span class='ocrx_word' id='word_1_109' title='bbox 192 1785 275 1850; x_wconf 90' lang='lat' dir='ltr'><strong>dicit</strong></span> <span class='ocrx_word' id='word_1_110' title='bbox 302 1782 364 1869; x_wconf 79' lang='grc' dir='ltr'><strong>τὴν</strong></span> <span class='ocrx_word' id='word_1_111' title='bbox 392 1780 501 1871; x_wconf 77' lang='grc' dir='ltr'><strong><em>λύραν</em></strong></span> <span class='ocrx_word' id='word_1_112' title='bbox 521 1786 739 1870; x_wconf 81' lang='grc' dir='ltr'><strong><em>ποιούμενος,</em></strong></span> <span class='ocrx_word' id='word_1_113' title='bbox 759 1782 966 1871; x_wconf 76' lang='grc' dir='ltr'><em>ὀκτάχορδον</em></span> <span class='ocrx_word' id='word_1_114' title='bbox 995 1786 1033 1853; x_wconf 76' lang='grc' dir='ltr'><strong>ἐν</strong></span> <span class='ocrx_word' id='word_1_115' title='bbox 1059 1791 1100 1873; x_wconf 79' lang='grc' dir='ltr'><strong>τῇ</strong></span> <span class='ocrx_word' id='word_1_116' title='bbox 1129 1785 1184 1852; x_wconf 74' lang='grc' dir='ltr'><strong>διὰ</strong></span> <span class='ocrx_word' id='word_1_117' title='bbox 1217 1793 1336 1853; x_wconf 98' lang='grc' dir='ltr'><strong><em>πασῶν</em></strong></span> 
     </span>
     <span class='ocr_line' id='line_1_15' title="bbox 192 1895 1336 1983; baseline 0.004 -23"><span class='ocrx_word' id='word_1_118' title='bbox 192 1897 387 1981; x_wconf 77' lang='grc' dir='ltr'><em>συμφωνίᾳ,</em></span> <span class='ocrx_word' id='word_1_119' title='bbox 403 1899 601 1983; x_wconf 87' lang='lat' dir='ltr'><strong>quamquam</strong></span> <span class='ocrx_word' id='word_1_120' title='bbox 613 1895 796 1980; x_wconf 87' lang='lat' dir='ltr'><strong>fragmento</strong></span> <span class='ocrx_word' id='word_1_121' title='bbox 810 1896 913 1962; x_wconf 89' lang='lat' dir='ltr'>XVII</span> <span class='ocrx_word' id='word_1_122' title='bbox 928 1920 992 1962; x_wconf 89' lang='lat' dir='ltr'><strong>non</strong></span> <span class='ocrx_word' id='word_1_123' title='bbox 1007 1895 1154 1980; x_wconf 90' lang='lat' dir='ltr'><strong>docetur,</strong></span> <span class='ocrx_word' id='word_1_124' title='bbox 1170 1907 1279 1964; x_wconf 90' lang='lat' dir='ltr'><strong>tamen</strong></span> <span class='ocrx_word' id='word_1_125' title='bbox 1294 1921 1336 1965; x_wconf 83' lang='lat' dir='ltr'><strong>ex</strong></span> 
     </span>
     <span class='ocr_line' id='line_1_16' title="bbox 192 1987 1335 2093; baseline 0.003 -24"><span class='ocrx_word' id='word_1_126' title='bbox 192 2027 229 2071; x_wconf 91' lang='lat' dir='ltr'><strong>eo</strong></span> <span class='ocrx_word' id='word_1_127' title='bbox 246 2004 439 2071; x_wconf 88' lang='lat' dir='ltr'><strong>concludere</strong></span> <span class='ocrx_word' id='word_1_128' title='bbox 454 1987 569 2093; x_wconf 89' lang='lat' dir='ltr'><strong>potuit.</strong></span> <span class='ocrx_word' id='word_1_129' title='bbox 607 2005 830 2070; x_wconf 88' lang='lat' dir='ltr'><strong>Existimabat</strong></span> <span class='ocrx_word' id='word_1_130' title='bbox 845 2008 930 2072; x_wconf 89' lang='lat' dir='ltr'><strong>enim</strong></span> <span class='ocrx_word' id='word_1_131' title='bbox 946 2008 1125 2093; x_wconf 87' lang='lat' dir='ltr'><strong>antiquitas</strong></span> <span class='ocrx_word' id='word_1_132' title='bbox 1147 2007 1335 2072; x_wconf 88' lang='lat' dir='ltr'><strong>caelestium</strong></span> 
     </span>
     <span class='ocr_line' id='line_1_17' title="bbox 191 2114 1334 2205; baseline 0.002 -25"><span class='ocrx_word' id='word_1_133' title='bbox 191 2138 365 2202; x_wconf 87' lang='lat' dir='ltr'><strong>corporum</strong></span> <span class='ocrx_word' id='word_1_134' title='bbox 379 2116 579 2196; x_wconf 85' lang='lat' dir='ltr'><strong>harmoniam</strong></span> <span class='ocrx_word' id='word_1_135' title='bbox 590 2115 789 2203; x_wconf 89' lang='lat' dir='ltr'><strong>respondere</strong></span> <span class='ocrx_word' id='word_1_136' title='bbox 804 2114 925 2198; x_wconf 90' lang='lat' dir='ltr'><strong>fidibus</strong></span> <span class='ocrx_word' id='word_1_137' title='bbox 937 2115 1039 2205; x_wconf 86' lang='lat' dir='ltr'><strong>lyrae.</strong></span> <span class='ocrx_word' id='word_1_138' title='bbox 1069 2116 1152 2181; x_wconf 91' lang='lat' dir='ltr'><strong>Inde</strong></span> <span class='ocrx_word' id='word_1_139' title='bbox 1164 2117 1256 2183; x_wconf 85' lang='lat' dir='ltr'><strong>Theo</strong></span> <span class='ocrx_word' id='word_1_140' title='bbox 1271 2126 1334 2183; x_wconf 89' lang='lat' dir='ltr'><strong>sta-</strong></span> 
     </span>
     <span class='ocr_line' id='line_1_18' title="bbox 192 2225 1334 2314; baseline 0.001 -23"><span class='ocrx_word' id='word_1_141' title='bbox 192 2228 257 2291; x_wconf 84' lang='lat' dir='ltr'><strong>tuit</strong></span> <span class='ocrx_word' id='word_1_142' title='bbox 271 2225 374 2312; x_wconf 84' lang='lat' dir='ltr'><strong>(quod</strong></span> <span class='ocrx_word' id='word_1_143' title='bbox 385 2248 463 2290; x_wconf 90' lang='lat' dir='ltr'><strong>num</strong></span> <span class='ocrx_word' id='word_1_144' title='bbox 478 2236 631 2290; x_wconf 88' lang='lat' dir='ltr'><strong>accurata</strong></span> <span class='ocrx_word' id='word_1_145' title='bbox 644 2226 926 2311; x_wconf 84' lang='lat' dir='ltr'><strong>argumentatione</strong></span> <span class='ocrx_word' id='word_1_146' title='bbox 940 2226 1065 2310; x_wconf 80' lang='lat' dir='ltr'><strong>feeerit,</strong></span> <span class='ocrx_word' id='word_1_147' title='bbox 1083 2235 1194 2314; x_wconf 91' lang='lat' dir='ltr'><strong>postea</strong></span> <span class='ocrx_word' id='word_1_148' title='bbox 1208 2227 1334 2292; x_wconf 90' lang='lat' dir='ltr'><strong>videbi-</strong></span> 
     </span>
     <span class='ocr_line' id='line_1_19' title="bbox 191 2335 1334 2422; baseline 0.003 -23"><span class='ocrx_word' id='word_1_149' title='bbox 191 2338 278 2422; x_wconf 90' lang='lat' dir='ltr'><strong>mus)</strong></span> <span class='ocrx_word' id='word_1_150' title='bbox 303 2357 344 2402; x_wconf 87' lang='lat' dir='ltr'><strong>ex</strong></span> <span class='ocrx_word' id='word_1_151' title='bbox 358 2335 585 2411; x_wconf 85' lang='lat' dir='ltr'><strong>Eratosthenis</strong></span> <span class='ocrx_word' id='word_1_152' title='bbox 608 2335 760 2422; x_wconf 86' lang='lat' dir='ltr'><strong>opinione</strong></span> <span class='ocrx_word' id='word_1_153' title='bbox 782 2343 855 2401; x_wconf 91' lang='lat' dir='ltr'><strong>octo</strong></span> <span class='ocrx_word' id='word_1_154' title='bbox 878 2336 1088 2422; x_wconf 87' lang='lat' dir='ltr'><strong>sphaerarum</strong></span> <span class='ocrx_word' id='word_1_155' title='bbox 1110 2345 1201 2403; x_wconf 91' lang='lat' dir='ltr'><strong>motu</strong></span> <span class='ocrx_word' id='word_1_156' title='bbox 1222 2359 1334 2403; x_wconf 92' lang='lat' dir='ltr'><strong>conso-</strong></span> 
     </span>
     <span class='ocr_line' id='line_1_20' title="bbox 191 2444 1335 2514; baseline 0.002 -5"><span class='ocrx_word' id='word_1_157' title='bbox 191 2447 322 2511; x_wconf 90' lang='lat' dir='ltr'><strong>nantias</strong></span> <span class='ocrx_word' id='word_1_158' title='bbox 345 2445 459 2510; x_wconf 89' lang='lat' dir='ltr'><strong>fidium</strong></span> <span class='ocrx_word' id='word_1_159' title='bbox 481 2446 716 2511; x_wconf 91' lang='lat' dir='ltr'><strong>octachordi</strong></span> <span class='ocrx_word' id='word_1_160' title='bbox 738 2444 809 2510; x_wconf 87' lang='lat' dir='ltr'><strong>edi:</strong></span> <span class='ocrx_word' id='word_1_161' title='bbox 831 2446 1037 2512; x_wconf 86' lang='lat' dir='ltr'><strong>acutissimus</strong></span> <span class='ocrx_word' id='word_1_162' title='bbox 1053 2469 1130 2512; x_wconf 90' lang='lat' dir='ltr'><strong>vero</strong></span> <span class='ocrx_word' id='word_1_163' title='bbox 1147 2447 1335 2514; x_wconf 90' lang='lat' dir='ltr'><strong>octachordi</strong></span> 
     </span>
     <span class='ocr_line' id='line_1_21' title="bbox 192 2553 1283 2640; baseline 0.001 -19"><span class='ocrx_word' id='word_1_164' title='bbox 192 2578 292 2621; x_wconf 88' lang='lat' dir='ltr'><strong>sonus</strong></span> <span class='ocrx_word' id='word_1_165' title='bbox 315 2563 348 2619; x_wconf 91' lang='lat' dir='ltr'><strong>et</strong></span> <span class='ocrx_word' id='word_1_166' title='bbox 369 2557 581 2640; x_wconf 88' lang='lat' dir='ltr'><strong>gravissimus</strong></span> <span class='ocrx_word' id='word_1_167' title='bbox 604 2556 848 2621; x_wconf 85' lang='lat' dir='ltr'><strong>consonantiam</strong></span> <span class='ocrx_word' id='word_1_168' title='bbox 868 2553 927 2622; x_wconf 77' lang='grc' dir='ltr'><strong>διὰ</strong></span> <span class='ocrx_word' id='word_1_169' title='bbox 948 2560 1067 2621; x_wconf 88' lang='grc' dir='ltr'><strong><em>πασῶν</em></strong></span> <span class='ocrx_word' id='word_1_170' title='bbox 1089 2556 1283 2640; x_wconf 77' lang='lat' dir='ltr'><strong>efficiunt.²)</strong></span> 
     </span>
     <span class='ocr_line' id='line_1_22' title="bbox 279 2664 1335 2753; baseline 0.001 -23"><span class='ocrx_word' id='word_1_171' title='bbox 279 2664 373 2745; x_wconf 84' lang='lat' dir='ltr'><strong>Quae</strong></span> <span class='ocrx_word' id='word_1_172' title='bbox 387 2688 460 2730; x_wconf 86' lang='lat' dir='ltr'><strong>cum</strong></span> <span class='ocrx_word' id='word_1_173' title='bbox 481 2667 528 2730; x_wconf 91' lang='lat' dir='ltr'><strong>ita</strong></span> <span class='ocrx_word' id='word_1_174' title='bbox 542 2687 614 2730; x_wconf 88' lang='lat' dir='ltr'><strong>sese</strong></span> <span class='ocrx_word' id='word_1_175' title='bbox 629 2665 781 2749; x_wconf 88' lang='lat' dir='ltr'><strong>habeant,</strong></span> <span class='ocrx_word' id='word_1_176' title='bbox 804 2664 970 2731; x_wconf 86' lang='lat' dir='ltr'><strong>reicienda</strong></span> <span class='ocrx_word' id='word_1_177' title='bbox 984 2666 1115 2733; x_wconf 90' lang='lat' dir='ltr'><strong>omnino</strong></span> <span class='ocrx_word' id='word_1_178' title='bbox 1130 2674 1182 2732; x_wconf 91' lang='lat' dir='ltr'><strong>est</strong></span> <span class='ocrx_word' id='word_1_179' title='bbox 1196 2667 1335 2753; x_wconf 87' lang='lat' dir='ltr'><strong>Bergkii</strong></span> 
     </span>
     <span class='ocr_line' id='line_1_23' title="bbox 191 2771 1341 2862; baseline 0.004 -24"><span class='ocrx_word' id='word_1_180' title='bbox 191 2778 367 2858; x_wconf 90' lang='lat' dir='ltr'><strong>sententia,</strong></span> <span class='ocrx_word' id='word_1_181' title='bbox 391 2776 447 2862; x_wconf 92' lang='lat' dir='ltr'><strong>qui</strong></span> <span class='ocrx_word' id='word_1_182' title='bbox 470 2797 513 2839; x_wconf 86' lang='lat' dir='ltr'><strong>ex</strong></span> <span class='ocrx_word' id='word_1_183' title='bbox 533 2774 592 2841; x_wconf 92' lang='lat' dir='ltr'><strong>illa</strong></span> <span class='ocrx_word' id='word_1_184' title='bbox 612 2775 735 2841; x_wconf 88' lang='lat' dir='ltr'><strong>citandi</strong></span> <span class='ocrx_word' id='word_1_185' title='bbox 756 2771 884 2841; x_wconf 79' lang='lat' dir='ltr'><strong>ratioiie</strong></span> <span class='ocrx_word' id='word_1_186' title='bbox 906 2774 1047 2860; x_wconf 84' lang='lat' dir='ltr'><strong>colligit,</strong></span> <span class='ocrx_word' id='word_1_187' title='bbox 1075 2777 1166 2862; x_wconf 90' lang='lat' dir='ltr'><strong>prius</strong></span> <span class='ocrx_word' id='word_1_188' title='bbox 1189 2779 1341 2843; x_wconf 80' lang='lat' dir='ltr'><strong>testimo·&#39;</strong></span> 
     </span>
     <span class='ocr_line' id='line_1_24' title="bbox 191 2885 1332 2972; baseline 0.004 -24"><span class='ocrx_word' id='word_1_189' title='bbox 191 2886 282 2948; x_wconf 90' lang='lat' dir='ltr'><strong>nium</strong></span> <span class='ocrx_word' id='word_1_190' title='bbox 304 2906 369 2949; x_wconf 91' lang='lat' dir='ltr'><strong>non</strong></span> <span class='ocrx_word' id='word_1_191' title='bbox 390 2907 432 2950; x_wconf 88' lang='lat' dir='ltr'><strong>ex</strong></span> <span class='ocrx_word' id='word_1_192' title='bbox 446 2886 607 2950; x_wconf 89' lang='lat' dir='ltr'><strong>Mercurio</strong></span> <span class='ocrx_word' id='word_1_193' title='bbox 631 2885 687 2949; x_wconf 90' lang='lat' dir='ltr'><strong>sed</strong></span> <span class='ocrx_word' id='word_1_194' title='bbox 706 2887 754 2949; x_wconf 64' lang='lat' dir='ltr'><strong>‘ex</strong></span> <span class='ocrx_word' id='word_1_195' title='bbox 768 2886 1072 2951; x_wconf 84' lang='lat' dir='ltr'><strong>Catasterismis</strong></span> <span class='ocrx_word' id='word_1_196' title='bbox 1095 2886 1235 2972; x_wconf 90' lang='lat' dir='ltr'><strong>petitum</strong></span> <span class='ocrx_word' id='word_1_197' title='bbox 1250 2909 1332 2952; x_wconf 89' lang='lat' dir='ltr'><strong>esse.</strong></span> 
     </span>
     <span class='ocr_line' id='line_1_25' title="bbox 192 2994 1333 3082; baseline 0.001 -23"><span class='ocrx_word' id='word_1_198' title='bbox 192 2994 255 3059; x_wconf 82' lang='lat' dir='ltr'><strong>Oui</strong></span> <span class='ocrx_word' id='word_1_199' title='bbox 277 2995 422 3080; x_wconf 91' lang='lat' dir='ltr'><strong>opinioni</strong></span> <span class='ocrx_word' id='word_1_200' title='bbox 450 2997 588 3082; x_wconf 86' lang='lat' dir='ltr'><strong>praeter.</strong></span> <span class='ocrx_word' id='word_1_201' title='bbox 602 3015 639 3058; x_wconf 90' lang='lat' dir='ltr'><strong>ea</strong></span> <span class='ocrx_word' id='word_1_202' title='bbox 664 2995 874 3078; x_wconf 89' lang='lat' dir='ltr'><strong>documenta,</strong></span> <span class='ocrx_word' id='word_1_203' title='bbox 903 3001 986 3082; x_wconf 91' lang='lat' dir='ltr'><strong>quae</strong></span> <span class='ocrx_word' id='word_1_204' title='bbox 1015 2995 1056 3060; x_wconf 92' lang='lat' dir='ltr'><strong>de</strong></span> <span class='ocrx_word' id='word_1_205' title='bbox 1083 2998 1225 3061; x_wconf 89' lang='lat' dir='ltr'><strong>carmine</strong></span> <span class='ocrx_word' id='word_1_206' title='bbox 1247 2997 1333 3062; x_wconf 88' lang='lat' dir='ltr'><strong>Mer·</strong></span> 
     </span>
     <span class='ocr_line' id='line_1_26' title="bbox 192 3104 1334 3190; baseline 0.004 -23"><span class='ocrx_word' id='word_1_207' title='bbox 192 3104 275 3168; x_wconf 90' lang='lat' dir='ltr'><strong>curii</strong></span> <span class='ocrx_word' id='word_1_208' title='bbox 297 3125 414 3168; x_wconf 91' lang='lat' dir='ltr'><strong>nomen</strong></span> <span class='ocrx_word' id='word_1_209' title='bbox 441 3113 574 3190; x_wconf 89' lang='lat' dir='ltr'><strong>gerente</strong></span> <span class='ocrx_word' id='word_1_210' title='bbox 601 3106 745 3190; x_wconf 85' lang='lat' dir='ltr'><strong>cogitare</strong></span> <span class='ocrx_word' id='word_1_211' title='bbox 772 3128 833 3172; x_wconf 91' lang='lat' dir='ltr'><strong>nos</strong></span> <span class='ocrx_word' id='word_1_212' title='bbox 856 3106 985 3185; x_wconf 91' lang='lat' dir='ltr'><strong>iubent,</strong></span> <span class='ocrx_word' id='word_1_213' title='bbox 1015 3107 1112 3171; x_wconf 92' lang='lat' dir='ltr'><strong>etiam</strong></span> <span class='ocrx_word' id='word_1_214' title='bbox 1141 3107 1334 3173; x_wconf 77' lang='lat' dir='ltr'><strong>Oatasteris-</strong></span> 
     </span>
     <span class='ocr_line' id='line_1_27' title="bbox 192 3213 1333 3301; baseline 0.004 -25"><span class='ocrx_word' id='word_1_215' title='bbox 192 3213 319 3278; x_wconf 91' lang='lat' dir='ltr'><strong>morum</strong></span> <span class='ocrx_word' id='word_1_216' title='bbox 340 3222 568 3299; x_wconf 90' lang='lat' dir='ltr'><strong>argumentum</strong></span> <span class='ocrx_word' id='word_1_217' title='bbox 582 3224 750 3301; x_wconf 89' lang='lat' dir='ltr'><strong>repugnat.</strong></span> <span class='ocrx_word' id='word_1_218' title='bbox 788 3217 950 3282; x_wconf 87' lang='lat' dir='ltr'><strong>Narratae</strong></span> <span class='ocrx_word' id='word_1_219' title='bbox 965 3225 1058 3280; x_wconf 92' lang='lat' dir='ltr'><strong>erant</strong></span> <span class='ocrx_word' id='word_1_220' title='bbox 1079 3215 1126 3280; x_wconf 92' lang='lat' dir='ltr'><strong>ibi</strong></span> <span class='ocrx_word' id='word_1_221' title='bbox 1141 3215 1270 3299; x_wconf 84' lang='lat' dir='ltr'><strong>fabulae</strong></span> <span class='ocrx_word' id='word_1_222' title='bbox 1292 3217 1333 3280; x_wconf 92' lang='lat' dir='ltr'><strong>de</strong></span> 
     </span>
     <span class='ocr_line' id='line_1_28' title="bbox 192 3322 1334 3412; baseline 0.003 -26"><span class='ocrx_word' id='word_1_223' title='bbox 192 3325 360 3407; x_wconf 85' lang='lat' dir='ltr'><strong>signorum</strong></span> <span class='ocrx_word' id='word_1_224' title='bbox 382 3322 570 3388; x_wconf 88' lang='lat' dir='ltr'><strong>caelestium</strong></span> <span class='ocrx_word' id='word_1_225' title='bbox 592 3324 791 3408; x_wconf 86' lang='lat' dir='ltr'><strong>originibus,</strong></span> <span class='ocrx_word' id='word_1_226' title='bbox 815 3348 853 3390; x_wconf 89' lang='lat' dir='ltr'><strong>ae</strong></span> <span class='ocrx_word' id='word_1_227' title='bbox 874 3324 1100 3410; x_wconf 85' lang='lat' dir='ltr'><strong>vixintellegi</strong></span> <span class='ocrx_word' id='word_1_228' title='bbox 1122 3334 1246 3410; x_wconf 89' lang='lat' dir='ltr'><strong>potest,</strong></span> <span class='ocrx_word' id='word_1_229' title='bbox 1270 3348 1334 3412; x_wconf 89' lang='lat' dir='ltr'><strong>qua</strong></span> 
     </span>
     <span class='ocr_line' id='line_1_29' title="bbox 191 3432 1335 3523; baseline 0.004 -27"><span class='ocrx_word' id='word_1_230' title='bbox 191 3432 317 3498; x_wconf 89' lang='lat' dir='ltr'><strong>ratione</strong></span> <span class='ocrx_word' id='word_1_231' title='bbox 338 3435 373 3497; x_wconf 92' lang='lat' dir='ltr'><strong>in</strong></span> <span class='ocrx_word' id='word_1_232' title='bbox 387 3433 448 3498; x_wconf 89' lang='lat' dir='ltr'><strong>hoc</strong></span> <span class='ocrx_word' id='word_1_233' title='bbox 462 3453 559 3520; x_wconf 89' lang='lat' dir='ltr'><strong>opere</strong></span> <span class='ocrx_word' id='word_1_234' title='bbox 573 3433 805 3499; x_wconf 87' lang='lat' dir='ltr'><strong>Eratosthenes</strong></span> <span class='ocrx_word' id='word_1_235' title='bbox 827 3435 990 3500; x_wconf 85' lang='lat' dir='ltr'><strong>rettulerit</strong></span> <span class='ocrx_word' id='word_1_236' title='bbox 1004 3434 1203 3499; x_wconf 89' lang='lat' dir='ltr'><strong>Mercurium</strong></span> <span class='ocrx_word' id='word_1_237' title='bbox 1218 3436 1335 3523; x_wconf 51' lang='lat' dir='ltr'><strong>sphaess</strong></span> 
     </span>
     <span class='ocr_line' id='line_1_30' title="bbox 192 3541 1332 3632; baseline 0.005 -26"><span class='ocrx_word' id='word_1_238' title='bbox 192 3563 302 3606; x_wconf 90' lang='lat' dir='ltr'><strong>rarum</strong></span> <span class='ocrx_word' id='word_1_239' title='bbox 333 3541 534 3608; x_wconf 90' lang='lat' dir='ltr'><strong>harmoniam</strong></span> <span class='ocrx_word' id='word_1_240' title='bbox 566 3563 637 3607; x_wconf 91' lang='lat' dir='ltr'><strong>esse</strong></span> <span class='ocrx_word' id='word_1_241' title='bbox 669 3543 832 3610; x_wconf 89' lang='lat' dir='ltr'><strong>miratum.</strong></span> <span class='ocrx_word' id='word_1_242' title='bbox 882 3545 972 3609; x_wconf 84' lang='lat' dir='ltr'><strong>Theo</strong></span> <span class='ocrx_word' id='word_1_243' title='bbox 1005 3553 1115 3632; x_wconf 82' lang='lat' dir='ltr'><strong>autem</strong></span> <span class='ocrx_word' id='word_1_244' title='bbox 1147 3567 1211 3611; x_wconf 90' lang='lat' dir='ltr'><strong>non</strong></span> <span class='ocrx_word' id='word_1_245' title='bbox 1244 3554 1332 3612; x_wconf 89' lang='lat' dir='ltr'><strong>utro·</strong></span> 
     </span>
    </p>
   </div>
   <div class='ocr_carea' id='block_1_3' title="bbox 262 3781 1333 3859">
    <p class='ocr_par' dir='ltr' id='par_1_3' title="bbox 262 3781 1333 3859">
     <span class='ocr_line' id='line_1_31' title="bbox 262 3781 1333 3859; baseline 0.006 -21"><span class='ocrx_word' id='word_1_246' title='bbox 262 3788 289 3849; x_wconf 88' lang='lat'><strong>1)</strong></span> <span class='ocrx_word' id='word_1_247' title='bbox 306 3789 379 3840; x_wconf 85' lang='lat' dir='ltr'><strong>Theo</strong></span> <span class='ocrx_word' id='word_1_248' title='bbox 402 3783 432 3842; x_wconf 79' lang='lat' dir='ltr'><strong>oi</strong></span> <span class='ocrx_word' id='word_1_249' title='bbox 451 3782 549 3855; x_wconf 70' lang='grc' dir='ltr'><strong><em>μένων</em></strong></span> <span class='ocrx_word' id='word_1_250' title='bbox 571 3788 773 3856; x_wconf 75' lang='grc' dir='ltr'><strong><em>μαθηματικοὶ</em></strong></span> <span class='ocrx_word' id='word_1_251' title='bbox 796 3781 872 3844; x_wconf 74' lang='grc' dir='ltr'><strong><em>οὔτε·</em></strong></span> <span class='ocrx_word' id='word_1_252' title='bbox 886 3785 995 3859; x_wconf 74' lang='grc' dir='ltr'><strong><em>ταύτην</em></strong></span> <span class='ocrx_word' id='word_1_253' title='bbox 1018 3793 1078 3846; x_wconf 77' lang='grc' dir='ltr'><strong><em>κτλ.</em></strong></span> <span class='ocrx_word' id='word_1_254' title='bbox 1120 3792 1210 3844; x_wconf 83' lang='lat' dir='ltr'><strong>Chalc.</strong></span> <span class='ocrx_word' id='word_1_255' title='bbox 1233 3791 1333 3844; x_wconf 80' lang='lat' dir='ltr'><strong>matbe-</strong></span> 
     </span>
    </p>
   </div>
   <div class='ocr_carea' id='block_1_4' title="bbox 191 3853 1522 3928">
    <p class='ocr_par' dir='ltr' id='par_1_4' title="bbox 191 3853 1522 3928">
     <span class='ocr_line' id='line_1_32' title="bbox 191 3853 1522 3928; baseline 0.004 -20"><span class='ocrx_word' id='word_1_256' title='bbox 191 3853 288 3908; x_wconf 78' lang='lat' dir='ltr'><strong>matici</strong></span> <span class='ocrx_word' id='word_1_257' title='bbox 304 3859 396 3908; x_wconf 78' lang='lat' dir='ltr'><strong>tamea</strong></span> <span class='ocrx_word' id='word_1_258' title='bbox 407 3855 639 3922; x_wconf 73' lang='lat' dir='ltr'><strong>ueqaetmaetc.</strong></span> <span class='ocrx_word' id='word_1_259' title='bbox 696 3859 723 3920; x_wconf 74' lang='grc'><strong>2-1</strong></span> <span class='ocrx_word' id='word_1_260' title='bbox 741 3860 886 3925; x_wconf 89' lang='lat' dir='ltr'><strong>Westphal</strong></span> <span class='ocrx_word' id='word_1_261' title='bbox 903 3862 1002 3912; x_wconf 89' lang='lat' dir='ltr'><strong>Metrih</strong></span> <span class='ocrx_word' id='word_1_262' title='bbox 1022 3863 1069 3911; x_wconf 89' lang='lat' dir='ltr'><strong>der</strong></span> <span class='ocrx_word' id='word_1_263' title='bbox 1086 3860 1332 3928; x_wconf 79' lang='lat' dir='ltr'><strong>Gr.1p.294sqq.</strong></span> <span class='ocrx_word' id='word_1_264' title='bbox 1430 3899 1433 3902; x_wconf 89' lang='lat'>-</span> <span class='ocrx_word' id='word_1_265' title='bbox 1510 3873 1522 3886; x_wconf 83' lang='lat'><strong><em>‘</em></strong></span> 
     </span>
    </p>
   </div>
   <div class='ocr_carea' id='block_1_5' title="bbox 192 3925 1332 4059">
    <p class='ocr_par' dir='ltr' id='par_1_5' title="bbox 192 3925 1332 4059">
     <span class='ocr_line' id='line_1_33' title="bbox 193 3925 1332 3994; baseline 0.004 -19"><span class='ocrx_word' id='word_1_266' title='bbox 193 3925 322 3975; x_wconf 84' lang='lat' dir='ltr'><strong>Ceterum</strong></span> <span class='ocrx_word' id='word_1_267' title='bbox 338 3939 432 3975; x_wconf 91' lang='lat' dir='ltr'><strong>eorum</strong></span> <span class='ocrx_word' id='word_1_268' title='bbox 449 3941 568 3991; x_wconf 88' lang='lat' dir='ltr'><strong>quoque,</strong></span> <span class='ocrx_word' id='word_1_269' title='bbox 592 3927 638 3992; x_wconf 90' lang='lat' dir='ltr'><strong>qui</strong></span> <span class='ocrx_word' id='word_1_270' title='bbox 659 3927 827 3978; x_wconf 85' lang='lat' dir='ltr'><strong>harmoniam</strong></span> <span class='ocrx_word' id='word_1_271' title='bbox 849 3928 941 3978; x_wconf 88' lang='lat' dir='ltr'><strong>mundi</strong></span> <span class='ocrx_word' id='word_1_272' title='bbox 958 3927 1141 3994; x_wconf 86' lang='lat' dir='ltr'><strong>heptachordo</strong></span> <span class='ocrx_word' id='word_1_273' title='bbox 1165 3933 1214 3979; x_wconf 90' lang='lat' dir='ltr'><strong>aut</strong></span> <span class='ocrx_word' id='word_1_274' title='bbox 1232 3945 1332 3980; x_wconf 87' lang='lat' dir='ltr'><strong>ennea-</strong></span> 
     </span>
     <span class='ocr_line' id='line_1_34' title="bbox 192 3988 1330 4059; baseline 0.005 -17"><span class='ocrx_word' id='word_1_275' title='bbox 192 3991 292 4042; x_wconf 89' lang='lat' dir='ltr'><strong>chordo</strong></span> <span class='ocrx_word' id='word_1_276' title='bbox 309 3992 508 4058; x_wconf 85' lang='lat' dir='ltr'><strong>adaequabant,</strong></span> <span class='ocrx_word' id='word_1_277' title='bbox 533 3993 652 4059; x_wconf 87' lang='lat' dir='ltr'><strong>plerique</strong></span> <span class='ocrx_word' id='word_1_278' title='bbox 670 3996 877 4046; x_wconf 86' lang='lat' dir='ltr'><strong>consonantiam</strong></span> <span class='ocrx_word' id='word_1_279' title='bbox 899 3988 950 4046; x_wconf 80' lang='grc' dir='ltr'><strong>διαὶ</strong></span> <span class='ocrx_word' id='word_1_280' title='bbox 966 3994 1064 4046; x_wconf 89' lang='grc' dir='ltr'><strong><em>πασῶν</em></strong></span> <span class='ocrx_word' id='word_1_281' title='bbox 1086 3995 1155 4044; x_wconf 86' lang='lat' dir='ltr'><strong>effici</strong></span> <span class='ocrx_word' id='word_1_282' title='bbox 1177 3998 1330 4048; x_wconf 86' lang='lat' dir='ltr'><strong>censebant.</strong></span> 
     </span>
    </p>
   </div>
   <div class='ocr_carea' id='block_1_6' title="bbox 116 4059 1331 4128">
    <p class='ocr_par' dir='ltr' id='par_1_6' title="bbox 116 4059 1331 4128">
     <span class='ocr_line' id='line_1_35' title="bbox 116 4059 1331 4128; baseline 0.007 -20"><span class='ocrx_word' id='word_1_283' title='bbox 116 4091 119 4100; x_wconf 36' lang='grc' dir='ltr'><em>ι</em></span> <span class='ocrx_word' id='word_1_284' title='bbox 192 4059 234 4109; x_wconf 88' lang='lat' dir='ltr'><strong>De</strong></span> <span class='ocrx_word' id='word_1_285' title='bbox 252 4059 433 4124; x_wconf 86' lang='lat' dir='ltr'><strong>heptachordo</strong></span> <span class='ocrx_word' id='word_1_286' title='bbox 447 4061 482 4110; x_wconf 82' lang='lat' dir='ltr'><strong>ef.</strong></span> <span class='ocrx_word' id='word_1_287' title='bbox 494 4062 577 4112; x_wconf 86' lang='lat' dir='ltr'><strong>Arist.</strong></span> <span class='ocrx_word' id='word_1_288' title='bbox 590 4061 682 4124; x_wconf 78' lang='lat' dir='ltr'><strong>Quint.</strong></span> <span class='ocrx_word' id='word_1_289' title='bbox 696 4079 722 4128; x_wconf 90' lang='lat' dir='ltr'><strong>p.</strong></span> <span class='ocrx_word' id='word_1_290' title='bbox 737 4063 785 4112; x_wconf 81' lang='lat'><strong>145</strong></span> <span class='ocrx_word' id='word_1_291' title='bbox 799 4077 857 4128; x_wconf 85' lang='lat' dir='ltr'><strong>sqq.</strong></span> <span class='ocrx_word' id='word_1_292' title='bbox 881 4063 985 4115; x_wconf 86' lang='lat' dir='ltr'><strong>Nicom.</strong></span> <span class='ocrx_word' id='word_1_293' title='bbox 999 4064 1090 4116; x_wconf 83' lang='lat' dir='ltr'><strong>Herm.</strong></span> <span class='ocrx_word' id='word_1_294' title='bbox 1103 4079 1128 4127; x_wconf 89' lang='lat' dir='ltr'><strong>p.</strong></span> <span class='ocrx_word' id='word_1_295' title='bbox 1142 4065 1166 4112; x_wconf 89' lang='grc'><strong>6.</strong></span> <span class='ocrx_word' id='word_1_296' title='bbox 1187 4060 1285 4115; x_wconf 90' lang='lat' dir='ltr'><strong>Boeth.</strong></span> <span class='ocrx_word' id='word_1_297' title='bbox 1298 4065 1331 4116; x_wconf 90' lang='lat' dir='ltr'><strong>de</strong></span> 
     </span>
    </p>
   </div>
   <div class='ocr_carea' id='block_1_7' title="bbox 191 4127 1332 4263">
    <p class='ocr_par' dir='ltr' id='par_1_7' title="bbox 191 4127 1332 4263">
     <span class='ocr_line' id='line_1_36' title="bbox 191 4127 1332 4194; baseline 0.006 -19"><span class='ocrx_word' id='word_1_298' title='bbox 191 4127 257 4181; x_wconf 88' lang='lat' dir='ltr'><strong>inst.</strong></span> <span class='ocrx_word' id='word_1_299' title='bbox 275 4143 342 4178; x_wconf 89' lang='lat' dir='ltr'><strong>mus.</strong></span> <span class='ocrx_word' id='word_1_300' title='bbox 360 4128 432 4178; x_wconf 80' lang='lat'><strong>120.</strong></span> <span class='ocrx_word' id='word_1_301' title='bbox 450 4130 492 4178; x_wconf 76' lang='grc'><strong>27.</strong></span> <span class='ocrx_word' id='word_1_302' title='bbox 527 4130 643 4191; x_wconf 84' lang='lat' dir='ltr'><strong>Bryenn.</strong></span> <span class='ocrx_word' id='word_1_303' title='bbox 667 4130 762 4182; x_wconf 91' lang='lat' dir='ltr'><strong>Harm.</strong></span> <span class='ocrx_word' id='word_1_304' title='bbox 785 4145 811 4194; x_wconf 87' lang='lat' dir='ltr'><strong>p.</strong></span> <span class='ocrx_word' id='word_1_305' title='bbox 828 4133 889 4184; x_wconf 73' lang='lat'><strong>363.</strong></span> <span class='ocrx_word' id='word_1_306' title='bbox 907 4133 970 4193; x_wconf 77' lang='lat'>4103</span> <span class='ocrx_word' id='word_1_307' title='bbox 993 4130 1024 4180; x_wconf 89' lang='lat' dir='ltr'><strong>de</strong></span> <span class='ocrx_word' id='word_1_308' title='bbox 1045 4129 1234 4183; x_wconf 87' lang='lat' dir='ltr'><strong>enneachordo</strong></span> <span class='ocrx_word' id='word_1_309' title='bbox 1256 4132 1332 4182; x_wconf 81' lang='lat' dir='ltr'><strong>Ales.</strong></span> 
     </span>
     <span class='ocr_line' id='line_1_37' title="bbox 192 4189 1332 4263; baseline 0.005 -20"><span class='ocrx_word' id='word_1_310' title='bbox 192 4189 291 4258; x_wconf 86' lang='lat' dir='ltr'><strong>Ephes.</strong></span> <span class='ocrx_word' id='word_1_311' title='bbox 310 4194 383 4260; x_wconf 90' lang='lat' dir='ltr'><strong>apud</strong></span> <span class='ocrx_word' id='word_1_312' title='bbox 395 4194 534 4259; x_wconf 72' lang='grc' dir='ltr'><strong>ΙΤὶιθοααια</strong></span> <span class='ocrx_word' id='word_1_313' title='bbox 552 4196 584 4246; x_wconf 86' lang='lat' dir='ltr'><strong>de</strong></span> <span class='ocrx_word' id='word_1_314' title='bbox 601 4202 667 4246; x_wconf 85' lang='lat' dir='ltr'><strong>astr.</strong></span> <span class='ocrx_word' id='word_1_315' title='bbox 685 4214 710 4263; x_wconf 91' lang='lat' dir='ltr'><strong>p.</strong></span> <span class='ocrx_word' id='word_1_316' title='bbox 731 4197 788 4249; x_wconf 87' lang='lat'>188.</span> <span class='ocrx_word' id='word_1_317' title='bbox 815 4197 885 4250; x_wconf 89' lang='lat' dir='ltr'><strong>Plin.</strong></span> <span class='ocrx_word' id='word_1_318' title='bbox 905 4203 961 4248; x_wconf 88' lang='lat' dir='ltr'><strong>nat.</strong></span> <span class='ocrx_word' id='word_1_319' title='bbox 981 4198 1047 4252; x_wconf 86' lang='lat' dir='ltr'><strong>hist.</strong></span> <span class='ocrx_word' id='word_1_320' title='bbox 1065 4199 1093 4248; x_wconf 93' lang='lat' dir='ltr'><strong>II</strong></span> <span class='ocrx_word' id='word_1_321' title='bbox 1112 4198 1127 4260; x_wconf 66' lang='grc' dir='ltr'><strong>ἓ</strong></span> <span class='ocrx_word' id='word_1_322' title='bbox 1144 4198 1185 4250; x_wconf 80' lang='grc'><strong>84.</strong></span> <span class='ocrx_word' id='word_1_323' title='bbox 1215 4198 1287 4250; x_wconf 88' lang='lat' dir='ltr'><strong>Plut.</strong></span> <span class='ocrx_word' id='word_1_324' title='bbox 1300 4199 1332 4249; x_wconf 91' lang='lat' dir='ltr'><strong>de</strong></span> 
     </span>
    </p>
   </div>
   <div class='ocr_carea' id='block_1_8' title="bbox 192 4263 1330 4410">
    <p class='ocr_par' dir='ltr' id='par_1_8' title="bbox 192 4263 1330 4410">
     <span class='ocr_line' id='line_1_38' title="bbox 192 4263 1330 4342; baseline 0.008 -32"><span class='ocrx_word' id='word_1_325' title='bbox 192 4277 236 4311; x_wconf 87' lang='lat' dir='ltr'><strong>an.</strong></span> <span class='ocrx_word' id='word_1_326' title='bbox 254 4277 341 4342; x_wconf 74' lang='lat' dir='ltr'><strong>prpcr.</strong></span> <span class='ocrx_word' id='word_1_327' title='bbox 364 4278 389 4326; x_wconf 84' lang='lat' dir='ltr'><strong>p.</strong></span> <span class='ocrx_word' id='word_1_328' title='bbox 410 4263 524 4342; x_wconf 62' lang='grc'>10191.</span> <span class='ocrx_word' id='word_1_329' title='bbox 559 4265 632 4327; x_wconf 82' lang='lat' dir='ltr'><strong>Hyg.</strong></span> <span class='ocrx_word' id='word_1_330' title='bbox 654 4263 685 4314; x_wconf 89' lang='lat' dir='ltr'><strong>de</strong></span> <span class='ocrx_word' id='word_1_331' title='bbox 707 4263 766 4315; x_wconf 89' lang='lat' dir='ltr'><strong>lim.</strong></span> <span class='ocrx_word' id='word_1_332' title='bbox 789 4271 878 4319; x_wconf 85' lang='lat' dir='ltr'><strong>const.</strong></span> <span class='ocrx_word' id='word_1_333' title='bbox 901 4281 927 4330; x_wconf 85' lang='lat' dir='ltr'><strong>p.</strong></span> <span class='ocrx_word' id='word_1_334' title='bbox 948 4267 996 4317; x_wconf 81' lang='grc'><strong>184</strong></span> <span class='ocrx_word' id='word_1_335' title='bbox 1015 4266 1123 4318; x_wconf 87' lang='lat' dir='ltr'><strong>Lachm.</strong></span> <span class='ocrx_word' id='word_1_336' title='bbox 1160 4265 1269 4320; x_wconf 81' lang='lat' dir='ltr'><strong>Censor.</strong></span> <span class='ocrx_word' id='word_1_337' title='bbox 1290 4271 1330 4320; x_wconf 87' lang='grc'><strong>13.</strong></span> 
     </span>
     <span class='ocr_line' id='line_1_39' title="bbox 193 4329 1058 4410; baseline 0.005 -32"><span class='ocrx_word' id='word_1_338' title='bbox 193 4329 332 4380; x_wconf 74' lang='lat' dir='ltr'><strong>Favonius</strong></span> <span class='ocrx_word' id='word_1_339' title='bbox 351 4329 487 4394; x_wconf 79' lang='lat' dir='ltr'><strong>Eulogius</strong></span> <span class='ocrx_word' id='word_1_340' title='bbox 504 4346 532 4380; x_wconf 89' lang='lat' dir='ltr'><strong>m</strong></span> <span class='ocrx_word' id='word_1_341' title='bbox 552 4329 733 4410; x_wconf 70' lang='lat' dir='ltr'><strong>Sommsseip.</strong></span> <span class='ocrx_word' id='word_1_342' title='bbox 751 4347 777 4397; x_wconf 89' lang='lat' dir='ltr'><strong>p.</strong></span> <span class='ocrx_word' id='word_1_343' title='bbox 795 4335 844 4383; x_wconf 83' lang='grc'><strong>411</strong></span> <span class='ocrx_word' id='word_1_344' title='bbox 864 4335 909 4385; x_wconf 90' lang='lat' dir='ltr'><strong>Or.</strong></span> <span class='ocrx_word' id='word_1_345' title='bbox 1053 4333 1058 4346; x_wconf 79' lang='lat'>⁸</span> 
     </span>
    </p>
   </div>
   <div class='ocr_carea' id='block_1_9' title="bbox 0 0 1682 5076">
    <p class='ocr_par' dir='ltr' id='par_1_9' title="bbox 0 0 1682 5076">
     <span class='ocr_line' id='line_1_40' title="bbox 0 0 1682 5076; baseline 0 1"><span class='ocrx_word' id='word_1_346' title='bbox 0 0 1682 5076; x_wconf 95' lang='lat' dir='ltr'><strong> </strong></span> 
     </span>
    </p>
   </div>
  </div>
 </body>
</html>
